2859 4617
637 345 1733 470 PRAEFATIO'ALTERA.
1972 444 1980 451 ,
2038 348 2243 447 xxvix

145 571 390 617 usum‘
411 572 549 617 esse
597 533 878 617 omnino
924 548 1298 616 litterarum
1339 552 1422 617 D.
1470 548 1549 616 E.
1594 550 1679 615 G.
1718 548 1805 613 H.
1838 544 1937 614 M.
1984 525 2057 611 e&
2090 542 2245 611 for-

36 666 38 669 ’
145 640 266 701 m&
303 633 468 724 61),
530 658 700 723 quae
737 637 810 699 in
852 648 1089 701 nostro
1134 638 1352 701 codice
1395 638 1595 701 etiam
1622 642 1989 731 comparet.
2073 628 2247 696 For.-

146 744 344 784 mam
385 730 612 785 autem
649 720 906 785 litterae
945 720 1030 799 Q.
1075 742 1276 805 qnam
1310 721 1380 784 in
1409 720 1541 783 hoc
1576 718 1995 783 ambrosmno
2026 715 2249 780 codice

135 806 370 885 rides,
413 826 566 868 cave
607 816 804 891 putes
843 806 1312 884 recentiorem,
1359 826 1571 891 quum
1610 826 1684 867 ea
1710 811 2015 866 occurrat
2046 800 2247 863 etiam.

148 890 224 953 in
279 888 639 976 specimine
689 887 1078 953 characteris
1123 888 1433 973 quadrati
1476 886 1913 973 antiquissimi
1950 882 2247 960 scholio-

147 994 315 1037 rum
333 1020 352 1052 ,
399 994 566 1059 quae
595 994 722 1037 nos
751 972 1075 1037 edidimus
1104 973 1186 1036 ad
1211 974 1582 1037 orationem
1595 996 1739 1061 pro
1768 971 2050 1036 Scauro·

327 1105 478 1171 XV.
565 1106 771 1191 Atqui
808 1092 1204 1169 ’nonnullae
1249 1105 1449 1171 etiam
1492 1126 1683 1171 voces
1726 1105 1797 1168 in
1834 1100 1939 1167 his
1984 1100 2243 1189 scriptis
2254 1108 2337 1159 De
2354 1101 2573 1175 quibus-

151 1201 520 1287 occurrunt
581 1193 656 1273 [⁴³
673 1192 1229 1279 reperiuntur*],
1291 1212 1457 1287 quas
1508 1190 1579 1253 in
1631 1189 1878 1256 veteris¹
1907 1188 2243 1253 latinitatis

150 1275 366 1339 lexica
433 1276 740 1340 nondum
807 1275 1046 1342 relatas
1119 1286 1364 1342 notavi.
1493 1276 1839 1339 Nimirum
1910 1270 2247 1335 COMPE-

151 1360 336 1421 cTo
369 1356 488 1445 62)
547 1348 964 1423 FAMATUS
989 1356 1114 1445 63)
1173 1355 1515 1439 RESUM,
1576 1358 1679 1423 Es
1716 1356 1837 1448 64¹)
1902 1352 2244 1419 LENITI-

2264 1177 2393 1228 dam
2418 1168 2575 1222 novis

2268 1237 2553 1299 vocabulis

2263 1328 2405 1385 quae
2420 1312 2479 1361 in
2492 1306 2573 1357 his

2280 1380 2539 1451 operibus

148 1436 260 1505 ES
295 1442 420 1528 65)
482 1439 1042 1507 HUMlLITARE
1071 1440 1194 1529 66)
1246 1442 1402 1505 VIN
1407 1442 1759 1507 CENTER
1786 1450 1868 1510 67
1882 1441 1908 1527 )
1952 1439 2572 1506 ADMO-occurrunt.

146 1526 216 1588 N
225 1524 540 1587 EFACIO
575 1524 726 1611 68).
807 1522 1028 1609 (Nihil
1054 1529 1200 1591 dico
1229 1526 1308 1590 de
1335 1550 1495 1592 voce
1520 1524 1826 1589 SENSIO
1854 1522 1977 1610 69)
2038 1544 2246 1608 quam.

36 1678 38 1683 ,
208 1631 296 1671 ro
329 1612 668 1673 sententia
695 1609 874 1675 vides
899 1610 968 1671 in
1000 1610 1236 1676 Isidori
1275 1610 1614 1695 glossariO.
1743 1609 1920 1673 Alias
1964 1604 2248 1671 fortasse

145 1632 496 1777 {iligentes
518 1692 796 1757 lectores
823 1692 1174 1760 notabunt.
1259 1692 1601 1759 HUMILI'
1651 1694 1825 1756 ΑΒΕ
1856 1691 2061 1755 activi&⁴
2086 1688 2247 1775 qni-

151 1778 318 1841 dem
353 1776 582 1841 forma
623 1798 955 1863 nusquam
997 1779 1164 1857 vidi,
1210 1779 1323 1843 sed
1369 1778 1758 1845 humilitari
1784 1777 2041 1863 passiva
2066 1773 2245 1863 apud

149 1862 484 1946 cangium
531 1884 617 1926 ex
667 1860 906 1928 Fausto
952 1862 1272 1950 Regiensi.
1361 1862 1565 1943 Quod
1614 1863 1817 1950 siquis
1861 1871 2051 1948 roget
2081 1857 2244 1947 quid

150 1945 235 2009 de
271 1944 376 2009 his
414 1946 718 2026 vocibus,
785 1970 947 2035 quas
990 1948 1382 2035 praesertim
1425 1948 1496 2013 in
1536 1947 1907 2034 Interprete
1952 1943 2244 2011 offendi-

147 2052 308 2093 mus
318 2071 339 2107 9
381 2033 810 2096 statuendum
849 2032 1183 2108 videatur,
1230 2032 1487 2118 duplex
1524 2043 1745 2119 potest
1782 2054 1917 2096 esse
1956 2050 2244 2117 respon-

36 2160 38 2189 ;
150 2115 275 2177 sio.
361 2115 554 2178 Prior
594 2118 907 2202 quidem,
950 2136 1092 2180 non
1139 2128 1460 2183 continuo
1499 2118 1849 2181 iudicanda
1884 2138 2016 2180 esse
2046 2136 2247 2181 voca-

36 2272 39 2297 Ι
148 2198 310 2261 bula
339 2198 649 2278 barbara,
693 2202 884 2285 siqua
907 2200 1014 2265 vel
1047 2224 1084 2265 a
1102 2199 1328 2265 lexicis
1357 2203 1591 2269 veteris
1615 2201 1949 2265 latinitatis
1981 2198 2247 2273 absunt,

36 2302 39 2325 ³
147 2281 258 2347 vel
286 2284 471 2369 apud
503 2286 898 2348 recentiores
926 2295 1188 2351 tantum
1221 2286 1577 2372 scriptores
1601 2285 1738 2350 huc
1770 2306 1983 2370 usque
2006 2302 2249 2369 super-

151 2378 362 2432 erant.
449 2366 514 2428 N
516 2387 626 2432 am
667 2379 926 2431 eertum
971 2380 1096 2447 est,
1141 2370 1457 2467 plurimis
1498 2371 1749 2435 amissis
1772 2368 2055 2453 antiquis
2079 2364 2246 2429 scri-

36 2502 38 2521 =
147 2452 320 2538 ptis,
389 2450 607 2515 multa
661 2472 930 2548 quoque
977 2474 1132 2517 cum
1177 2456 1256 2519 i1s
1309 2454 1633 2521 vocabula
1688 2452 1996 2541 periisse,
2066 2468 2243 2534 quae

108 2581 112 2585 -
148 2536 431 2623 prodire
481 2556 607 2623 par
633 2548 764 2615 est,
809 2538 1132 2621 siquando
1167 2539 1436 2627 aliquod
1474 2562 1559 2605 ex
1601 2540 1678 2603 iis
1724 2536 2031 2621 [*itlis*]
2072 2532 2242 2597 scri-

145 2621 284 2709 ptis
343 2619 692 2707 deperditis
746 2623 819 2685 in
861 2622 1083 2686 lucem
1126 2626 1501 2690 reducatur.
1584 2624 1770 2689 Tum
1808 2621 1941 2709 ipsi
1978 2614 2243 2685 barbari

150 2715 451 2768 auctores
499 2707 718 2787 [*scri
765 2713 992 2773 tores*
1072 2731 1266 2796 saepe
1307 2709 1499 2775 bonis
1544 2708 1883 2775 vocabulis
1928 2716 2239 2781 utuntur,

149 2810 323 2876 quae
369 2799 596 2853 tamen
638 2812 716 2855 su
765 2791 964 2855 lestae
1053 2794 1156 2856 dei
1196 2806 1461 2858 eatenus
1504 2796 1869 2868 habentur,
1914 2804 2238 2878 qnatenus

151 2896 226 2937 ea
284 2874 464 2961 apud
515 2873 640 2937 hos
699 2886 966 2938 tantum
1015 2875 1352 2960 leguntur.
1442 2880 1613 2943 Haec
1653 2880 1857 2965 igitur
1898 2874 2239 2949 vocabula,

149 2958 283 3023 sive
342 2978 511 3040 quae
568 2978 902 3041 nusquam
958 2961 1228 3023 antehac
1269 2962 1607 3040 extabant,
1669 2964 1805 3026 sive
1842 2982 2013 3046 quae
2056 2958 2241 3045 apud

148 3040 490 3127 sequiores
531 3048 796 3103 tantum
834 3051 1134 3105 auctores
1181 3046 1643 3121 occurrebant3
1723 3047 2041 3129 quoniam
2080 3062 2239 3105 cum

151 3126 428 3209 antiquo
469 3122 795 3209 scriptore
835 3124 1178 3209 deperdito
1203 3148 1358 3189 -sese
1395 3149 1574 3190 nunc
1648 3128 1935 3202 rodunt,
1982 3147 2087 3202 ea,
2128 3125 2240 3187 in'-

196 3231 356 3273 uam
374 3256 392 3286 ,
467 3207 543 3271 in
593 3208 836 3283 ,veteris
887 3208 1228 3273 latinitatis
1271 3210 1485 3276 lexica
1526 3212 1607 3275 re
1633 3208 1871 3273 erenda
1910 3208 2240 3273 videntur.
2276 3266 2279 3269 ,

182 3294 226 3356 d
273 3292 434 3356 sicui
471 3314 612 3356 non
649 3292 894 3379 placet,
957 3292 1244 3380 'alteram
1281 3296 1562 3381 accipiat
1591 3295 1819 3359 minus
1861 3292 2031 3359 mihi
2066 3311 2241 3379 pro-

148 3377 441 3443 habilem
475 3379 979 3464 responsionem
997 3400 1095 3443 ex
1123 3380 1459 3444 Hadriano
1493 3378 1803 3445 cardinali
1827 3375 1951 3463 70)
1998 3377 2117 3462 qui
2158 3376 2240 3444 de

149 3462 416 3527 Asconii
460 3462 634 3527 edito
684 3472 880 3529 textu
925 3464 1016 3528 sic
1061 3464 1402 3549 loquitur:
1478 3466 1811 3531 Asconius
1861 3464 2238 3541 Pedianus,

36 3596 38 3603 .
153 3547 271 3635 qui
303 3548 584 3611 tametsi
617 3546 734 3613 sub
770 3550 1084 3637 Augusto
1119 3550 1412 3625 Caesare
1427 3552 1677 3641 floruit
1705 3559 1782 3621 71
1804 3548 1872 3640 ),
1932 3550 2237 3638 bonaque

221 3696 328 3758 61)
388 3694 651 3749 Eiusdem
719 3698 902 3767 operis
963 3702 1142 3755 Tomo
1315 3704 1420 3767 66)
1456 3708 1568 3757 Pro
1603 3705 1759 3771 Sylla
1784 3705 1923 3757 VIII.
1951 3704 2003 3756 1.

151 3770 241 3821 III.
269 3766 351 3821 56.
641 3800 651 3805 -
1314 3774 1420 3835 67)
1459 3778 1572 3826 Pro
1601 3774 1760 3841 Sylla
1786 3774 1930 3826 XIII.
1965 3775 2012 3827 l.
2059 3837 2061 3839 V
2146 3778 2150 3785 ’

218 3836 318 3901 62)
357 3840 465 3901 13νο
493 3838 698 3888 Scauro
718 3836 838 3886 XII.
891 3837 988 3902 [ΙΙ.
1016 3839 1102 3906 8.]
1315 3840 1418 3903 68)
1459 3846 1569 3895 Pro
1591 3844 1818 3893 Plancio
1841 3839 2095 3893 XXXIV.
2111 3834 2177 3892 ,5.

217 3904 324 3965 63)
361 3908 470 3957 Pro
496 3909 704 3957 Scauro
728 3906 872 3957 XIV.
899 3904 1000 3973 [Π.
1022 3907 1142 3975 13.]
1314 3911 1420 3973 69)
1455 3914 1565 3962 Pro
1590 3913 1752 3977 Sylla
1782 3910 1928 3960 XIII.
1960 3910 2009 3959 1.

221 3970 326 4037 64)
362 3978 473 4025 Pro
500 3976 708 4026 Scauro
733 3974 853 4027 XV.
889 3974 1034 4039 [²²11.
1057 3970 1144 4029 14.
1233 3999 1238 4004 ·
1313 3976 1420 4040 70)
1454 3983 1543 4029 De
1572 3980 1746 4028 modis
1768 3977 1940 4028 latine
1964 3975 2237 4043 loquendi.

153 4058 236 4109 pr.
265 4040 462 4092 vitiose
500 4040 868 4110 scriptum*].
1248 4042 1519 4096 Coloniae
1557 4046 1869 4095 MDXXIX.
1896 4060 1949 4111 p.
1974 4044 2097 4097 245.
2187 4098 2199 4107 κ,

221 4110 323 4173 65)
372 4114 440 4161 In
499 4112 645 4162 clod.
705 4125 761 4163 et
813 4116 933 4165 Cur.
975 4110 1042 4161 V.
1092 4113 1158 4167 1.“
1312 4112 1415 4165 71)
1451 4110 1647 4162 Melius
1676 4112 1983 4168 Hadrianus
2016 4112 2238 4165 dixisset

155 4176 326 4244 [⁴¹ubi
346 4177 689 4231 restituenda
721 4178 882 4231 nobis
906 4178 1142 4233 videba—
1241 4179 1344 4231 suh
1373 4178 1633 4232 Claudio:
1672 4198 2011 4251 quamquam
2044 4191 2099 4233 et
2122 4188 2233 4237 Au-

155 4254 245 4297 tnr
283 4247 674 4315 virulentia*].
1238 4248 1388 4320 gusti
1415 4251 1660 4303 aetatem
1687 4250 1828 4303 vidit
1844 4250 2151 4308 Asconiuss
