2859 4617
694 294 813 363 AD
858 250 999 365 on.
1042 293 1213 371 PRO
1257 292 1354 361 M.
1399 292 1736 361 TULLIO
1777 294 1840 381 ς.
1867 276 1928 365 7‘.
2223 298 2358 365 289

270 466 581 531 stitutum
597 512 617 545 ,
660 467 811 531 satis
824 466 1290 552 ‘di-stinguitur.
1378 463 1579 544 Quid,
1623 464 1806 550 quod
1839 466 1972 528 iam
1997 464 2070 529 in
2092 488 2204 537 or„
2215 488 2358 553 pro

274 549 469 616 Caec.
493 560 596 627 32,
626 559 730 632 92.
756 551 1275 636 distinguuntur,
1320 570 1489 634 quae
1523 548 1622 613 ad
1657 549 1831 613 duas
1859 550 2212 615 dissimilis
2245 574 2355 615 res

268 634 407 699 duo
441 636 755 701 deiuncta
788 636 1164 701 interdicta
1206 627 1431 698 erant?
1486 632 1566 696 ad
1596 646 1798 718 quem
1838 632 2066 698 locum
2095 656 2356 721 provo-

266 730 528 783 caverat
568 720 711 805 ipse
761 720 1061 784 Savinius
1110 742 1181 807 p.
1223 721 1372 787 426.
1408 716 1674 781 laudato
1721 718 1918 781 etiam
1965 718 2232 783 Cuiacio
2271 717 2356 782 ad

206 837 214 841 -
265 802 553 867 Paulum
580 806 753 873 V.·6.
788 803 847 887 §-
868 811 933 871 ’4.
958 804 1074 890 qui
1104 803 1458 889 utriusque
1503 801 1832 866 interdicti
1858 801 2207 865 discrimen
2237 824 2352 867 ac-

264 899 497 951 curate
534 889 970 976 exposuisset.
1058 888 1337 951 Videtur
1370 887 1578 972 igitur
1603 888 1682 953 V.
1713 886 1780 949 S.
1808 886 2026 950 nescio
2053 908 2189 972 quo
2223 908 2352 973 pa-

260 981 373 1033 cto
415 970 616 1037 huius
662 972 1093 1037 distinctionis
1140 972 1507 1037 immemor
1542 970 1657 1035 illa
1699 970 1930 1057 paullo
1971 969 2352 1035 confusiora

222 1114 228 1121 .
312 1056 707 1119 ostmodum
728 1057 1044 1121 adiecisse.
1090 1055 1285 1119 Recte
1304 1078 1466 1121 vero
1485 1055 1742 1121 videtur
1760 1078 1798 1119 a
1817 1056 1894 1119 vi
1915 1080 1998 1120 ex
2017 1067 2352 1121 conventa

240 1076 476 1227 Jacta,
522 1162 689 1227 quae
715 1152 877 1206 esset
904 1140 1309 1227 imaginaria,
1354 1140 1727 1203 distinxisse
1753 1162 1899 1204 cam
1929 1140 2095 1216 vim,
2141 1150 2348 1225 qua'm
2405 1144 2413 1151 ’

254 1244 324 1309 p.
356 1230 501 1291 427.
532 1246 690 1287 cum
712 1224 1093 1288 Heinrichio
1118 1227 1599 1310 interpretatur
1619 1246 1760 1288 non
1785 1223 2198 1288 sollemniter
2218 1245 2347 1287 vo·
2413 1250 2428 1265 ·

258 1305 497 1369 cabulo
526 1308 811 1393 repetito
844 1330 931 1371 ex
954 1308 1104 1393 ipso
1131 1309 1530 1385 interdicto,'
1546 1308 1659 1371 sed
1684 1308 1838 1393 quia
1865 1307 2044 1371 haud
2066 1309 2158 1371 ita
2186 1330 2343 1371 raro

260 1388 715 1464 adhiberetur,
760 1414 797 1453 a
829 1390 1144 1453 Cicerone
1188 1388 1361 1478 (pro
1401 1390 1592 1455 Caec.
1625 1399 1742 1467 32,
1775 1389 1920 1477 92.)
1961 1392 2088 1454 dici
2132 1414 2344 1457 excu-

256 1474 461 1537 satius
490 1474 934 1553 cotidianam,
967 1486 1047 1537 ut
1076 1482 1179 1553 31,
1198 1483 1431 1561 91.’pr.
1455 1476 1682 1561 ipsum
1708 1473 1789 1537 de
1819 1497 1892 1538 ea
1918 1474 2346 1538 interdictum

257 1558 753 1622 restitutorium
780 1559 1233 1637 cotidianam,
1260 1556 1331 1621 h.
1366 1581 1422 1624 e.
1456 1559 1638 1645 quod
1672 1570 1769 1622 est
1795 1559 1871 1622 in
1903 1582 2026 1621 usa
2051 1558 2344 1623 cotidia—

159 1662 165 1667 ·
258 1666 370 1722 720,
413 1642 739 1706 usitatum
766 1655 830 1708 et
858 1644 991 1707 iam
1024 1643 1489 1730 pervolgatum
1522 1652 1621 1720 13,
1659 1651 1763 1711 36.
1841 1642 1945 1705 Sic
1974 1643 2046 1705 in
2076 1666 2174 1706 or.
2201 1666 2345 1727 pro

178 1768 189 1781 -
258 1727 518 1791 Scauro
552 1728 613 1812 §.
646 1735 750 1795 33.
795 1752 904 1793 res
936 1752 1076 1792 non
1120 1728 1493 1793 abhorrens
1531 1752 1575 1791 a
1603 1727 2078 1792 consuetudine
2103 1728 2344 1789 dicitur

256 1812 425 1875 haec
466 1812 913 1877 cotidiana
954 1836 1095 1890 rea,
1141 1824 1203 1876 et
1229 1813 1315 1877 de
1346 1836 1446 1877 or.
1479 1810 1593 1875 III.
1622 1819 1728 1887 49,
1759 1819 1901 1880 188.
1929 1811 2096 1875 haec
2128 1834 2344 1897 opera

256 1896 705 1961 cotidiana
748 1909 815 1963 et
829 1910 1275 1985 pervagata3
1320 1897 1388 1959 in
1422 1892 1853 1983 epist.'Brati
1879 1888 1964 1958 ad
1993 1895 2201 1957 Cicer.
2235 1902 2337 1964 16.

254 2004 293 2045 a
320 2003 427 2068 pr.
512 1978 675 2046 Non
703 1982 918 2047 solum
943 1982 1125 2046 enim
1160 1982 1526 2061 usitatam,
1573 1982 1694 2046 sed
1719 1982 1930 2047 ctiam
1969 1979 2341 2045 cotidia-
2439 1998 2446 2005 ·

251 2088 439 2130 nam
470 2076 584 2130 est.
629 2066 815 2129 Hanc
842 2066 979 2131 vim
1006 2067 1401 2132 cotidianam
1417 2066 1718 2133 Savinius
1743 2072 1972 2153 p.431.
1990 2072 2139 2131 433.
2165 2065 2340 2131 inter

247 2150 709 2235 imaginariam
732 2149 919 2212 illam
945 2176 1026 2215 ex
1052 2162 1385 2215 conventa
1413 2148 1698 2237 factam
1721 2160 1786 2213 et
1813 2151 1959 2235 vim
1989 2160 2340 2214 armatam

249 2232 597 2298 constituit
622 2232 913 2297 mediam
942 2256 1220 2319 eamque
1245 2234 1389 2297 sine
1415 2235 1616 2301 armis
1648 2234 1920 2317 quidem
1954 2232 2164 2309 fuisse,
2195 2232 2336 2295 dis-

244 2326 466 2405 putat,
489 2315 602 2378 sed
616 2316 833 2401 ipsam
849 2327 1069 2380 tamen
1109 2317 1408 2401 solidam.
1457 2316 1717 2395 Quibus
1734 2316 2050 2381 concessis
2079 2336 2334 2399 nequa-

247 2422 455 2489 quam
486 2410 713 2464 tamen
745 2398 1032 2464 efficitur
1055 2401 1247 2481 illud,
1291 2400 1482 2487 quod
1519 2398 1662 2465 volt
1687 2401 2010 2479 Saviniu8‚
2053 2398 2334 2463 interdi-

244 2497 431 2551 ctum
457 2483 626 2549 illud
655 2484 1069 2550 cotidianum
1094 2508 1235 2551 non
1260 2508 1397 2551 esse
1424 2486 1660 2549 datum
1688 2486 1768 2549 de
1796 2485 1936 2573 ipsa
1969 2504 2242 2571 quoque
2256 2484 2335 2548 vi
2369 2544 2372 2549 .

240 2576 321 2639 ex·
348 2582 683 2637 conventu
695 2567 911 2660 facta
938 2570 1045 2641 vel
1064 2571 1467 2669 imaginaria.
1556 2572 1968 2657 Argumento
2004 2568 2330 2657 primario

241 2658 456 2719 utitur
472 2656 602 2720 hoc
614 2680 683 2742 p.
698 2664 843 2726 432.
855 2706 876 2737 ,
920 2656 1103 2742 quod
1136 2669 1216 2721 etl
1225 2680 1333 2721 am
1349 2657 1704 2744 antiquum
1719 2655 1886 2720 illud
1900 2653 2328 2729 interdictum

155 2789 163 2797 .
245 2739 382 2803 sine
408 2740 474 2801 vi
506 2752 757 2803 armata
794 2753 1020 2805 tamen
1050 2744 1483 2808 atrocitatem
1493 2741 1846 2830 facinoris
1879 2742 2051 2806 inse
2079 2739 2330 2805 habere

244 2820 559 2887 scribitur
593 2844 697 2907 ap.
741 2824 1115 2909 Ulpianum
1160 2826 1230 2888 in
1271 2847 1339 2890 π.
1383 2826 1624 2891 XLIII.
1671 2833 1774 2893 16.
1825 2823 1949 2910 (de
1981 2823 2095 2910 vi)
2141 2824 2226 2888 fr.
2267 2835 2324 2892 1.

246 2906 304 2989 §.
330 2912 434 2972 43.
492 2904 948 2971 Interdic'tnm
989 2908 1133 2985 hoc,
1178 2911 1339 2995 quia
1380 2906 2328 2995 atrocitatemfacino-
2423 2983 2432 2993 ἱ

247 2991 327 3055 ri
340 3014 373 3052 s
416 2990 491 3052 in
516 3012 587 3053 se
632 2989 837 3055 habet
880 3024 968 3037 --
1006 3024 1097 3036 --
1136 3024 1220 3039 —
1261 2994 1492 3057 verius
1519 3005 1638 3072 eet,
1661 3016 1783 3057 nec
1813 2991 2052 3055 liberto
2083 2993 2156 3055 in
2179 3013 2327 3078 pa-

246 3087 539 3153 tronum,
584 3097 707 3139 nec
742 3076 817 3138 in
836 3086 1173 3161 parentes
1200 3074 1429 3141 liberis
1462 3076 1774 3140 dandum
1805 3099 1945 3139 esse
1981 3110 2072 3122 —
2109 3108 2199 3121 —-
2236 3110 2327 3122 —

244 3159 464 3237 aliter,
490 3170 691 3245 atque
716 3160 779 3223 εἰ
800 3162 879 3223 vi
900 3171 1185 3226 armata
1201 3182 1355 3223 usna
1384 3160 1478 3223 sit
1494 3160 1824 3225 adversus
1847 3158 2162 3225 libertum
2177 3181 2326 3245 pa-

241 3256 494 3320 troam,
511 3243 629 3308 vel
642 3243 975 3309 adversas
994 3243 1237 3308 liberos
1244 3266 1510 3331 parcns
1524 3271 1546 3309 .-
1571 3268 1739 3309 nam
1760 3244 1870 3307 llic
1885 3244 2326 3308 interdictam

239 3328 575 3415 competit.
665 3328 946 3393 Videtur
967 3327 1097 3391 hoc
1136 3341 1613 3415 argumentum
1639 3328 1815 3393 eludi
1849 3350 2046 3417 posse
2071 3326 2322 3415 duplici

237 3411 797 3496 interpretationis
850 3411 1212 3491 calumnia3
1289 3414 1400 3479 sed
1443 3413 1660 3478 nihilo
1705 3414 1930 3477 minus
1967 3412 2139 3477 illud
2177 3435 2319 3478 non

237 3495 433 3591 plane
468 3495 799 3563 reiicimus
862 3498 1421 3586 adiungimusque
1474 3499 1686 3586 ipsius
1740 3497 2068 3563 interdicti
2118 3498 2317 3567 verba

232 3600 305 3645 m
340 3576 463 3643 hac
506 3601 605 3643 01·-
644 3588 751 3650 44.
797 3606 832 3647 e
866 3582 1109 3669 quibus
1148 3607 1230 3671 ap
1286 3595 1422 3647 aret
1467 3583 1862 3673 pertinuisse
1903 3581 2073 3647 illud
2115 3584 2316 3649 etiam

236 3662 313 3729 ad
337 3660 669 3753 familias
700 3691 745 3731 a
766 3665 1075 3757 familiis
1102 3670 1181 3733 vi
1272 3670 1532 3734 eiectae.
1617 3668 1844 3749 Quam
1874 3690 2034 3733 vero
2063 3667 2316 3732 abhor-

233 3749 442 3813 ruerit
472 3771 509 3813 a
538 3751 845 3816 moribus
886 3752 953 3817 vi
986 3772 1073 3815 ex
1111 3766 1442 3819 conventu
1475 3752 1650 3819 facta
1687 3752 1968 3818 'familias
1999 3752 2231 3816 deduci
2273 3778 2311 3819 a

232 3832 497 3897 familiis
538 3834 961 3903 manifestum
1009 3850 1138 3916 est,
1184 3861 1341 3903 cum
1367 3839 1440 3902 in
1476 3838 1590 3903 tali
1621 3838 1889 3924 negotio
1933 3836 2326 3919 servos-do&

230 3918 577 3984 minorum
622 3920 900 3999 yicarios
946 3945 1083 3989 esse
1179 3924 1424 3987 otuisse
1469 3921 1906 4011 improbabile
1951 3928 2054 3985 sit.
2172 3924 2308 3989 Vix

227 4012 450 4069 tamen
476 4026 562 4069 ex
587 4003 691 4069 his
735 4006 1003 4093 colligas
1038 4008 1117 4093 de
1164 4010 1498 4073 uctionem
1544 4007 1812 4072 nonnisi
1853 4005 2305 4072 vindicationis

227 4091 793 4179 praeparatoriam
840 4090 1047 4160 fuisse
1094 4093 1658 4181 interdictumque
1713 4090 1963 4157 UNDE
2026 4091 2114 4157 VI
2162 4115 2304 4159 non
