2859 4617
674 304 793 405 'An
837 336 977 405 OR.
1019 334 1193 402 pao
1234 330 1333 399 M.
1374 330 1712 399 TULLIO
1753 330 1816 415 ς.
1843 340 1920 406 ⁷:
2175 340 2350 433 235-

267 510 541 577 titulum
566 508 885 575 coaluisse
908 508 983 573 in
1011 505 1257 591 Digest.
1280 500 1393 569 lib.
1420 500 1664 567 XLIII.
1693 503 1790 569 tit.
1809 502 2020 583 XVI„
2044 502 2158 569 illa
2185 526 2346 569 vero
2411 586 2416 591 ἡ
2459 534 2468 541 ·

269 595 633 747 &guig-g.
672 603 731 663 1.
758 592 821 678 §.
848 600 955 673 41,
999 602 1065 656 et
1090 590 1217 677 leg.
1250 596 1313 659 6.
1348 588 1542 672 [stit.
1574 588 1806 671 eod.*]
1849 589 1931 655 de
1965 589 2106 655 licis
2133 588 2348 655 aesti-

441 810 789 879 Crescente
818 835 988 895 vero.
1019 824 1414 900 temporum
1441 806 1536 872 ini
1582 808 1816 888 nitate,
1859 807 2355 893 hominumque
2423 838 2429 848 ·

269 898 570 981 audacia,
617 922 750 987 qua
794 898 1081 963 familiae
1116 906 1407 960 armatae
1438 916 1546 958 cae
1593 916 1657 958 es
1695 892 2026 977 facerent,
2072 894 2356 959 aedificia

242 982 709 1064 ‚incenderenss
734 982 907 1046 bona
934 991 1263 1069 raperent,
1298 976 1620 1043 Lucullus
1652 989 1972 1065 quartum
2006 972 2109 1061 [Ῠ]
2144 978 2364 1066 inter-,
2447 1003 2454 1011 ·

266 1066 519 1129 dictum
550 1067 947 1153 proposuit,
996 1087 1113 1129 seu
1133 1062 1351 1129 verius
1390 1061 1626 1149 paullo
1655 1062 1939 1127 mutavit
1962 1062 2354 1149 praecedens

265 1149 700 1215 interdictum
736 1148 837 1238 4).
924 1148 1103 1213 Illud
1139 1158 1363 1213 autem
1414 1168 1576 1209 curn
1628 1147 1948 1211 Cramero
1995 1140 2172 1209 hisce
2215 1144 2356 1209 fere

267 1233 481 1299 verbis
523 1256 922 1321 expressum
958 1234 1163 1298 fuisse
1212 1230 1443 1303 credo:
1516 1244 1560 1311 ,3
1574 1230 1643 1294 Si
1671 1231 1778 1295 cui
1819 1228 1978 1295 dolo
2008 1229 2190 1295 malo
2219 1230 2356 1293 ho·-

268 1317 560 1381 minibus
598 1318 873 1393 armatis
917 1317 1235 1382 coactisve
1267 1313 1494 1387 damni
1529 1314 1690 1399 quid
1726 1313 1982 1379 factum
2019 1336 2153 1379 esse
2179 1314 2356 1377 dice-

268 1411 418 1478 tur,
462 1401 534 1463 in
579 1422 771 1481 eum,
817 1400 935 1486 qui
980 1400 1051 1462 id
1083 1396 1311 1462 fecisse
1344 1398 1631 1475 dicetur,
1674 1398 1848 1461 intra
1883 1420 2170 1476 annum,
2217 1420 2354 1483 quo

271 1485 673 1571 experiundi
696 1495 987 1571 potestas
1008 1481 1247 1561 fuerit,
1288 1480 1360 1543 in
1432 1479 1878 1566 uadruplum,
1919 1492 2077 1567 post
2106 1502 2358 1543 annum

271 1568 344 1631 in
371 1567 696 1654 simplum
737 1567 1059 1632 iudicium
1102 1566 1341 1629 dabo.“
1362 1502 1454 1713 Ξ)
1545 1563 1746 1648 Atqui
1776 1562 1906 1627 hoc
1930 1561 2358 1645 interdictum

270 1674 479 1740 paene
521 1651 807 1715 concinit
852 1674 1008 1715 cum
1052 1649 1169 1714 illo
1211 1648 1326 1714 De
1439 1646 1820 1711 ibonorum
1846 1660 2210 1735 raptorum
2235 1648 2358 1711 Di-

273 1747 436 1823 gest.
462 1735 574 1801 lib.
608 1732 881 1803 XLVII.
909 1736 1009 1799 tit.
1029 1732 1204 1801 VIII.
1248 1730 1734 1813 „Enimvero‚“
1777 1730 1981 1798 verba
2008 1742 2166 1798 sunt
2193 1732 2360 1797 Cra-

340 1953 411 2021 4)
456 1952 624 2017 *Quo
665 1950 900 2007 tandem
938 1950 1115 2005 modo
1147 1951 1267 2005 Lu·
1366 1952 1512 2023 cing.
1539 1951 1646 2021 gel.
1675 1954 1958 2023 Anzeigen
1988 1938 2245 2005 1804512.
2271 1950 2362 2007 80.

271 2022 408 2075 culli
440 2021 805 2076 interdictum
834 2022 907 2073 ab
938 2020 1077 2087 isto,
1112 2018 1267 2090 quod
1362 2020 1556 2089 p.296.
1585 2028 1644 2073 et
1662 2020 1813 2088 quod
1829 2020 1996 2076 Gaius
2013 2024 2168 2075 inett-
2179 2041 2366 2075 comm.

268 2091 442 2144 modo
488 2100 870 2144 memoratum
910 2098 1021 2159 est,
1072 2090 1267 2142 distin-
1366 2091 1456 2143 IV.
1480 2090 1527 2157 §-
1558 2080 1676 2143 189.
1696 2093 1763 2142 de
1789 2093 2102 2143 interdictis
2123 2089 2202 2139 sic
2228 2090 2367 2141 scri-

269 2160 453 2213 xeris?
520 2164 642 2228 Ipse
682 2160 833 2211 enim
866 2158 1129 2209 Lucullus
1153 2156 1269 2225 pri·
1366 2157 1481 2209 bit:
1517 2162 1747 2210 Praetor
1772 2172 1871 2211 αιιι
1885 2160 2191 2211 Proconsul
2206 2164 2366 2229 prin-

270 2244 400 2279 mus
440 2228 755 2295 composuit
798 2226 1163 2294 interdictum
1198 2224 1271 2275 il·
1370 2226 1628 2297 cipaliter
1732 2230 2118 2278 auctoritatem
2207 2244 2367 2278 suam

272 2294 374 2348 lud
400 2301 508 2347 DE
548 2301 635 2349 VI
662 2296 1103 2347 HOMINIBUS
1134 2298 1271 2346 AR·
1358 2292 1735 2364 finiendis
1845 2298 2367 2347 controversiis

274 2366 548 2431 marm,
579 2362 735 2416 inDi
773 2366 907 2415 estis
930 2360 1159 2413 demum
1180 2361 1275 2413 vel
1363 2380 1504 2433 prae
1541 2364 1674 2415 onit.
1757 2364 1830 2414 At
1867 2376 2020 2415 vero,
2048 2362 2120 2413 ab
2167 2361 2366 2413 huius-

274 2431 638 2483 immutatum
670 2448 739 2483 ve
808 2438 1167 2483 contractum
1213 2446 1275 2481 o-
1328 2430 1335 2437 ⁴
1372 2445 1469 2480 mo
1515 2429 1528 2441 '
1568 2432 1858 2483 interdicto
1896 2447 1949 2483 v·
1989 2428 2217 2481 decreto
2255 2429 2367 2481 sin-

274 2498 455 2553 missis
494 2500 590 2567 iis,
641 2514 786 2569 quae
831 2498 945 2551 iam
980 2498 1122 2549 nulli
1148 2495 1272 2550 usui
1372 2496 1645 2568 gulariter
1671 2498 1728 2549 in
1749 2495 2053 2549 secundam
2067 2513 2401 2566 personam-

271 2570 400 2621 fore
439 2568 777 2622 viderentur.
858 2566 986 2623 vid.
1029 2567 1143 2620 hui.
1185 2582 1269 2619 or.
1374 2574 1654 2634 concepto
1699 2564 2156 2637 distinguendum
2203 2566 2368 2619 huius

344 2707 413 2772 5)
465 2708 604 2760 *Vx-
642 2709 905 2761 iudicium
940 2706 1082 2761 dabo
1116 2704 1273 2759 savi-

278 2772 405 2829 uius
456 2772 539 2825 in.
562 2774 603 2827 l.
662 2776 985 2847 Zeitschrzft
1011 2773 1123 2843 fiir
1174 2795 1273 2847 ge-

280 2842 527 2895 echichcl.
579 2842 1167 2914 Rechtswissensclmft
1215 2860 1270 2895 v.

278 2912 373 2961 111.
401 2907 534 2961 fasc.
566 2912 631 2960 11.
659 2908 853 2977 p.306.
882 2927 926 2965 s.
954 2919 1011 2961 et
1035 2908 1092 2960 h.
1125 2912 1275 2962 Hau-

278 2975 482 3029 holdus
518 2976 771 3030 ib'...fasc.
810 2980 901 3029 ΙΙΙ.
945 2995 1001 3046 p.
1036 2978 1157 3031 866.
1192 2976 1275 3029 vi-

282 3045 487 3097 dentur
546 3044 758 3097 habere
804 3062 909 3113 pro
960 3046 1277 3097 recentiore

280 3112 670 3166 additamento
734 3112 1064 3183 antiquioris
1122 3113 1273 3169 illius

278 3182 567 3235 interdicti
601 3183 853 3253 itemque
891 3182 953 3235 in
976 3182 1275 3235 interdicto

276 3256 368 3309 Ne
397 3256 483 3305 vis
500 3254 620 3323 fiac
658 3256 714 3305 ei
758 3256 853 3325 qui
888 3257 948 3305 in
1024 3257 1279 3305 assessio-

278 3342 401 3376 nem
424 3325 621 3374 mis-ms
648 3326 757 3375 erit
782 3321 840 3371 in
864 3337 922 3374 π.
1011 3324 1145 3373 LIII.
1164 3330 1205 3374 t.
1221 3324 1275 3378 4.

278 3390 355 3441 fr:
387 3393 435 3445 1.
465 3406 550 3457 pr.
624 3394 689 3443 Si
717 3394 840 3463 quis
863 3388 987 3443 dolo
1018 3392 1161 3443 malo
1176 3391 1276 3463 fe·

282 3463 445 3524 ecrit,
494 3478 601 3529 quo
637 3464 813 3515 minus
848 3464 975 3531 quis
1002 3464 1275 3531 permissu

281 3544 398 3580 neo
439 3529 644 3595 eiu-sve,
679 3532 835 3583 cuius
871 3550 939 3583 ea
961 3530 1273 3583 iurisdictio

270 3594 455 3676 ficit,-
488 3598 549 3647 in
582 3600 977 3667 possessionem
1020 3598 1278 3651 bonorum

176 3680 183 3689 ·
283 3676 398 3729 eze,
432 3682 491 3715 m
515 3682 635 3715 eum
668 3664 1053 3735 infactum
1088 3668 1275 3719 iudi-

285 3734 493 3798 cium,
530 3736 726 3801 quanti
768 3752 837 3785 ea
883 3752 970 3785 res
996 3732 1154 3803 fuit,
1210 3735 1273 3786 ob

284 3818 449 3873 quam
508 3820 567 3852 m
615 3804 1008 3871 possessionem
1081 3806 1275 3855 missu-5

284 3872 425 3933 erit,
462 3868 658 3921 dabo.
726 3870 881 3931 Quae
914 3868 1153 3937 suspicio
1182 3868 1275 3921 υἱ·-

280 3936 423 3991 tim
458 3944 563 3996 eo.
589 3936 740 4005 quod
770 3953 884 3989 non
916 3954 1141 4007 semper
1168 3954 1273 3991 nec

282 4004 597 4059 necessario
629 4020 696 4055 ex
729 4005 1027 4058 interdicto
1065 4007 1179 4059 itur
1202 4006 1274 4059 ad

279 4074 553 4126 iudicem:
603 4082 667 4125 ut
715 4073 907 4126 docuit
948 4074 1063 4127 iam
1096 4078 1276 4146 Hugo,

281 4142 483 4195 illustr.
513 4151 834 4195 antecessor
849 4143 1015 4215 iuris,
1047 4144 1107 4197 in
1135 4146 1277 4201 Gob-

1370 2635 1542 2704 ipsi‘us
1567 2634 1998 2692 fundamentum
2041 2644 2127 2686 est
2145 2673 2160 2702 ,
2199 2634 2369 2687 edicti

1369 2720 1533 2773 pars,
1587 2707 1941 2758 interdictum
1993 2704 2281 2775 generale·
2305 2704 2367 2756 in

1370 2772 1599 2825 tertiam
1645 2788 1948 2841 personam
1961 2818 1966 2828 .
1985 2780 2336 2842 ,conceptum
2347 2790 2366 2827 z

1372 2846 1456 2896 SI
1496 2846 1673 2911 QUIS
1720 2849 1830 2895 etc.
1882 2842 1943 2893 in
1984 2855 2094 2911 quo
2154 2846 2368 2905 IUDI-

1375 2910 1577 2964 GIUM
1603 2916 1812 2964 DABo
1845 2910 1883 2963 i.
1913 2927 1960 2962 e.
2033 2948 2043 2960 .
2085 2914 2151 2964 de
2186 2932 2250 2963 eo
2274 2914 2368 2963 in-

1374 2982 1666 3033 terdictum
1704 2980 1832 3047 (np.
1859 2978 2022 3050 singu
2046 2979 2170 3045 are)
2205 2982 2366 3035 dabo.

1372 3052 1553 3115 Atque
1591 3046 1761 3099 etiam
1803 3048 1920 3116 ipse
1959 3047 2284 3100 Hauboldus
2305 3064 2366 3117 p.

1372 3116 1495 3173 370.
1526 3130 1570 3167 s.
1598 3114 1746 3169 hanc
1771 3116 2062 3185 praecepti
2083 3117 2370 3186 repetitio-

1372 3199 1508 3251 nem
1562 3192 1622 3235 at
1661 3200 1733 3237 ue
1785 3186 2395 3239 accommodationem·

1375 3268 1411 3305 a
1439 3269 1612 3327 gener
1668 3253 1688 3305 i
1732 3253 2028 3307 interdicto
2064 3256 2155 3307 vel
2181 3254 2368 3307 edicto

1374 3320 1663 3391 distinguit
1707 3330 1764 3375 et
1807 3321 2091 3375 interdicti
2135 3324 2369 3392 petitio·-

1372 3406 1509 3443 nem
1551 3406 1683 3442 cum
1720 3390 1956 3443 actionis
1993 3391 2369 3461 postulatione

1374 3467 1686 3529 comparat.
1781 3460 1882 3511 Vix
1919 3474 2198 3531 unquam,
2261 3459 2382 3513 nisi·

1375 3546 1508 3581 cum
1547 3528 1702 3581 nulla
1741 3528 1811 3581 de
1851 3528 2008 3582 facto
2046 3538 2371 3585 controver-

1374 3596 1460 3651 sia
1499 3606 1674 3663 esset,
1726 3598 2026 3667 impetrato
2067 3598 2369 3650 interdicto

1373 3668 1566 3719 statim
1604 3667 1785 3721 actori
1821 3685 1854 3717 a
1893 3684 1992 3718 reo
2020 3666 2370 3716 satisfactum

1375 3752 1494 3787 esse
1532 3734 1800 3787 credibile
1843 3743 1942 3786 est.
2011 3737 2205 3801 Itaque
2245 3732 2368 3800 ipso

1372 3804 1672 3855 interdicto
1719 3801 2056 3872 generaliter
2101 3801 2371 3853 constitu-

1372 3881 1498 3923 tum
1532 3880 1588 3923 et
1616 3870 1810 3922 datum
1835 3866 2108 3921 iudicium
2135 3876 2231 3921 est.
2302 3869 2368 3922 V.

1374 3960 1585 4011 argum.
1613 3954 1669 4008 p.
1696 3937 1748 3991 3.
1772 3947 1830 3989 et
1851 3938 1967 3989 hui.
1999 3958 2078 3991 or.
2109 3939 2186 4006 §§.
2209 3939 2262 3991 7.
2300 3964 2370 3977 --

1378 4010 1464 4063 10.
1504 4011 1588 4063 12.
1639 4007 1722 4063 13.
1764 4004 1850 4060 42.
1874 4022 1916 4058 s.
1965 4004 2038 4057 οι.
2079 3992 2370 4059 amomo
2444 4014 2455 4021 ¹

1416 4108 1433 4127 .
1450 4075 1570 4129 373.
1601 4091 1643 4128 s.
1717 4078 1974 4128 Ceterum
2001 4070 2149 4145 apud
2167 4075 2372 4127 Gaium

1424 4162 1492 4215 5³.
1515 4160 1622 4213 pro
1643 4145 2046 4217 principaliter,
2062 4144 2216 4216 quod
2225 4146 2370 4197 Hau·
