2859 4617
360 2890 369 2899 ’
428 2936 441 2947 „
505 2892 723 2943 crimen.
797 2888 879 2943 Cf.
912 2902 975 2940 su
1014 2903 1079 2940 ra

402 3169 447 3219 .“
504 3164 592 3217 16.

1300 250 1850 321 ORATIO

514 431 655 495 rius
702 425 963 492 nullam
1006 444 1277 511 gravem
1314 422 1708 489 sententiam
1757 384 2012 487 habuit.
2111 420 2674 514 subscriptores

518 516 659 579 elus
678 562 698 593 ,
742 512 837 575 M.
875 522 939 575 et
968 510 1052 589 Q.
1094 508 1359 575 Pacuvii
1400 506 1675 587 fratres,
1719 506 1919 575 denas
1930 554 1953 591 ‚
1997 517 2062 574 et
2090 506 2163 573 L.
2195 506 2451 577 Marius
2479 524 2672 581 tres
2779 602 2781 608 Α

516 620 745 685 graves
780 595 1181 659 habuerunt.

690 742 854 813 Gaio
882 746 1156 812 Praetor
1186 744 1544 824 iudicium,
1601 746 1754 833 quia
1803 754 2041 811 aestate
2070 744 2424 831 agebatur,
2468 752 2648 817 sine

454 920 473 933 l
517 834 741 901 tunica
782 832 1081 897 exercuit
1121 830 1475 919 campestri
1521 830 1644 895 sub
1685 842 1840 917 toga
1893 830 2164 895 cinctus.
2247 830 2325 895 In
2369 833 2634 899 forum

518 1034 796 1099 Remmia,
832 1033 989 1085 cuius
1016 1048 1258 1102 poenam
1287 1044 1513 1085 accusa-

515 1106 633 1157 tori
672 1102 901 1155 habenti
940 1102 1111 1180 nihssz
1146 1102 1297 1181 quod
1338 1102 1513 1181 possit

516 1174 815 1227 m-iminose
858 1188 925 1226 ac
964 1187 1265 1239 suspiciose
1302 1169 1510 1237 dicere,

516 1242 614 1293 sed
654 1240 968 1320 qui-aperte
1010 1238 1291 1290 ludificari
1334 1247 1389 1290 et
1416 1255 1543 1291 ca-·

514 1310 779 1361 luminari
801 1324 979 1361 sciens
1002 1308 1285 1375 videatur,
1320 1307 1509 1358 mina-

513 1386 611 1431 tur
634 1386 900 1449 patronus
928 1380 1115 1433 Roscii
1140 1384 1263 1431 Am.
1296 1394 1345 1428 c.
1364 1380 1444 1431 19.
1462 1392 1506 1429 s.

512 1446 570 1516 §0
593 1448 679 1503 55.
710 1448 793 1501 57.
820 1446 879 1497 in
906 1446 964 1499 fi.
1040 1444 1184 1499 Coll.
1208 1444 1365 1497 Pauli
1387 1466 1508 1498 sen-

516 1532 679 1571 teme.
709 1531 929 1587 recepte.
958 1518 997 1567 l.
1026 1516 1076 1571 5.
1114 1534 1170 1569 π.
1193 1506 1348 1568 111.6.
1386 1516 1507 1567 cod.

512 1587 810 1639 Iustinian.
834 1586 929 1639 IX.
950 1584 1037 1641 46.
1075 1601 1127 1639 v,
1155 1584 1368 1635 Ernesti
1392 1585 1508 1636 cla-

512 1660 601 1709 vis
630 1672 671 1707 S.
687 1654 726 1706 l.
756 1660 1005 1707 Remmia
1030 1652 1121 1721 (in
1135 1651 1375 1704 Schtitzii
1400 1655 1508 1705 lex.

517 1728 629 1775 Cic.
652 1724 716 1774 T.
748 1724 836 1775 IV.
864 1738 920 1790 p.
945 1724 1066 1779 279.
1095 1724 1173 1787 ε.)
1225 1723 1508 1776 Constant.

512 1795 629 1843 Iac.
661 1812 797 1845 van
845 1798 1151 1845 Rene-sse
1198 1793 1265 1842 de
1301 1794 1507 1843 coh'rci-

516 1864 666 1913 tione
704 1872 1075 1912 accusatorum
1092 1901 1110 1924 ‚
1156 1858 1399 1911 Traiect.
1432 1857 1508 1908 ad

514 1926 691 1980 Rhen.
728 1923 880 1982 1724.
928 1929 979 1982 4.
1030 1937 1086 1979 et
1116 1926 1176 1977 in
1214 1925 1508 1977 Oelrichsii
1549 1940 1564 1947 ·

516 2000 772 2049 thesauro
800 2016 923 2051 nov.
952 1999 1083 2051 diss.
1112 1996 1289 2067 belgg.
1317 1994 1430 2046 vol.
1461 1998 1504 2048 1.

512 2068 636 2120 t.11.
662 2081 717 2133 Ρ.
733 2066 854 2119 561.
876 2092 943 2103 -
965 2062 1085 2119 632.
1124 2066 1505 2116 Henr.Brenc-

512 2132 709 2187 manni
766 2136 853 2186 lex
909 2137 1183 2197 Remmia,
1263 2138 1380 2186 sive
1436 2136 1505 2187 de

514 2198 657 2277 legis
682 2205 962 2255 Remmiae
993 2208 1144 2257 exitu
1185 2202 1276 2257 lib.
1290 2204 1504 2275 singul.

510 2271 570 2323 in
603 2272 819 2323 Ottom‘s
844 2275 978 2325 thes.
996 2280 1049 2327 ·t.
1077 2276 1165 2323 111.
1188 2288 1245 2340 p.
1264 2270 1502 2326 1561.—

508 2343 663 2397 1696.
702 2345 859 2395 Bern.
896 2344 975 2395 de
1016 2346 1354 2395 Fert-ante
1390 2341 1503 2393 del-

504 2412 567 2463 la
598 2416 785 2481 Legge
814 2416 1093 2475 Remmia,
1138 2410 1309 2477 Neap.
1346 2410 1500 2463 1780.

506 2480 561 2532 8.
610 2478 893 2534 Petr.1ac.
926 2478 997 2529 de
1032 2486 1175 2546 Bye
1209 2482 1275 2530 de
1299 2480 1501 2529 delicto

506 2548 811 2601 calumniae
872 2552 929 2599 in
976 2548 1215 2618 publicis
1258 2549 1499 2610 iudiciis,

504 2614 685 2685 Lugd.
708 2618 822 2666 Bat.
850 2615 1001 2668 1790.
1030 2616 1081 2667 4.
1142 2613 1227 2668 111.
1252 2613 1501 2682 Hugonis
1523 2646 1534 2655 -

506 2686 829 2736 Geachichte
870 2686 965 2737 dea
995 2684 1150 2735 Ro'm.
1181 2685 1386 2735 Rechts
1410 2681 1498 2734 ed.

504 2750 622 2805 vn.
658 2751 709 2817 §-
735 2750 855 2805 375.
1416 2812 1440 2825 κ

576 2823 977 2893 Subscriptores
998 2820 1143 2889 eius]
1180 2816 1414 2889 *neinpe
1439 2825 1501 2875 in

1110 2906 1166 2959 p.
1196 2890 1310 2946 123.
1342 2898 1401 2941 et
1443 2908 1495 2944 V.

502 2958 954 3010 Brencmannum
1015 2998 1025 3009 .
1054 2958 1093 3015 l.
1124 2976 1171 3011 c.
1193 2962 1276 3013 21.
1312 2959 1371 3009 in
1402 2962 1498 3011 Ot-

500 3034 624 3080 ton.
663 3031 916 3081 thesauro
958 3030 1047 3079 ΙΙΙ.
1088 3046 1215 3099 pag.
1249 3027 1399 3082 1635.
1430 3054 1499 3069 --

502 3092 660 3151 1639.
698 3101 783 3149 dc
816 3104 960 3166 Bye
993 3090 1031 3149 1.
1056 3096 1091 3147 Ι.
1121 3116 1169 3150 c.
1203 3101 1249 3151 1.
1273 3114 1325 3165 p.
1352 3100 1496 3149 4.·-

702 3164 898 3219 Christ.
960 3169 1129 3220 Henr.
1192 3167 1360 3217 Trotz
1420 3169 1496 3219 ad

500 3236 685 3287 Herm.
728 3234 983 3308 Hugonis
1020 3239 1088 3288 de
1134 3238 1319 3307 prima
1358 3240 1494 3287 scri-

498 3302 661 3353 bendi
678 3308 889 3373 origine
911 3321 957 3355 c.
974 3304 1059 3357 81.
1082 3320 1137 3371 p.
1152 3302 1271 3357 891.
1290 3320 1331 3356 s·
1369 3304 1493 3370 lpse

496 3378 791 3421 accusator
821 3376 1179 3452 inscriptione
1203 3371 1494 3423 dicebatur

496 3438 834 3489 contrahere
894 3440 1003 3490 obh
1048 3442 1293 3491 ationem
1354 3441 1492 3492 suh—

496 3504 663 3555 eundi
686 3516 928 3574 poenam
956 3524 1021 3559 ca
1045 3509 1283 3563 umniae.

565 3578 697 3626 Sine
720 3580 911 3628 tunica
942 3600 1011 3615 -—
1044 3578 1281 3644 cinctus]
1330 3577 1489 3631 Idem

492 3642 826 3709 tradit‚,sed
858 3644 1092 3711 rectius,
1131 3645 1311 3697 valer.
1344 3648 1485 3702 Max.

492 3714 593 3775 ΠΙ,
623 3713 683 3778 6,
710 3714 762 3765 7.
788 3713 994 3775 dicens,
1032 3716 1297 3767 Catonem
1322 3717 1483 3769 Prae-

488 3786 672 3832 torem
709 3782 819 3835 hoc
842 3784 1044 3834 vestitu
1082 3786 1155 3838 M.
1182 3785 1373 3836 scauri
1396 3809 1482 3839 ce-

1612 1032 1747 1084 cato
1794 1031 1890 1085 diu
1935 1040 2068 1085 ante
2111 1034 2430 1087 Praeturam
2471 1036 2616 1088 sine

1613 1102 1817 1154 calceis
1865 1110 1924 1153 et
1968 1100 2162 1154 tunica
2203 1104 2264 1155 in
2305 1103 2596 1171 publicum

1609 1170 1854 1238 prodire,
1871 1170 2058 1241 idque,
2081 1180 2145 1222 ut
2166 1181 2600 1224 consentaneum

1611 1249 1750 1305 erat,
1768 1239 1946 1311 magis
1971 1240 2275 1293 notabatur
2299 1250 2434 1303 tum,
2459 1257 2608 1293 cum
2715 1300 2724 1311 ¹

1610 1308 1783 1361 etiam
1803 1311 2030 1366 Praetor
2056 1309 2158 1360 tali
2191 1308 2386 1362 habitu
2416 1308 2474 1359 in
2494 1310 2611 1360 tri-

1607 1374 1780 1429 bunal
1803 1376 2142 1431 ascenderet.
2179 1378 2300 1433 vid.
2321 1373 2610 1432 Plutarch.

1611 1446 1725 1499 Cat.
1766 1446 1903 1500 min.
1945 1464 1994 1501 c.
2019 1448 2070 1499 6.
2113 1455 2168 1497 et
2202 1446 2286 1500 44.
2353 1452 2479 1511 με.
2509 1448 2607 1501 50.

1609 1516 1680 1565 ab
1727 1515 1878 1583 in.*]
1965 1519 2148 1584 Atque
2220 1515 2300 1567 sic
2367 1515 2610 1567 omnino

1607 1582 2000 1655 intelligendus
2074 1591 2206 1637 Cato
2270 1588 2613 1637 iuridicinae

1607 1673 1740 1707 suae
1782 1658 1838 1707 in
1866 1669 1972 1707 tem
2011 1673 2103 1706 ore
2121 1656 2414 1707 Jmmerum
2447 1676 2614 1707 exer-

1608 1736 1727 1785 tus,
1767 1720 1915 1791 apud
1997 1720 2280 1776 ertullian.
2310 1720 2380 1773 de
2420 1721 2610 1774 Pallio

1605 1806 1661 1859 Ρ.
1693 1791 1810 1847 115.
1835 1793 1892 1843 Β.
1926 1788 2044 1854 (16.
2075 1790 2277 1858 Salm.)
2304 1790 2457 1861 quod
2479 1792 2608 1843 Sal-

1605 1860 1810 1911 masius
1847 1858 2143 1911 falsissima
2171 1860 2390 1913 ratione
2429 1860 2610 1913 traxit

1607 1928 1678 1979 ad
1708 1928 1960 1981 cinctum
1977 1928 2276 1992 Gabinum,
2311 1946 2366 1999 p.
2389 1932 2508 1984 211.
2543 1938 2608 1981 et

1603 1995 1808 2047 iterum
1845 1998 1968 2053 351.
2071 2000 2140 2049 Et
2187 1997 2316 2050 satis
2369 1998 2605 2049 aliunde

1605 2074 1842 2131 constat,
1872 2066 2306 2119 vetustissimum
2327 2066 2473 2135 apud
2485 2070 2603 2119 Ro-

1602 2150 1800 2185 manos
1822 2136 2083 2187 vestitum
2104 2135 2274 2189 fuisse
2299 2144 2491 2205 togam
2517 2138 2606 2187 si-

1603 2220 1677 2255 ne
1701 2202 1911 2257 tunica.
1981 2204 2106 2261 Vid.
2133 2208 2255 2271 Oct.
2281 2208 2496 2258 Ferrar.
2518 2204 2602 2257 de

1601 2272 1684 2324 Re
1707 2269 1854 2326 Vest.
1880 2276 1972 2340 ΙΙΙ,
2004 2277 2050 2327 1.
2079 2282 2136 2325 et
2151 2273 2408 2329 Analect.
2440 2276 2599 2329 227.

1601 2344 1759 2409 [Huc
1806 2342 1948 2393 adde
2011 2348 2282 2397 cinctutos
2333 2342 2601 2414 Cethego-s·

1601 2428 1692 2559 ἓξ·
1715 2414 2200 2531 Ξοῖἑιέἴὲῗέξῖῗὲ
2215 2416 2619 2547 ῗὲῗῖἔῖἒὲἶ.

1600 2564 1658 2597 m
1689 2551 1866 2601 indice
1893 2566 1947 2617 p.
1975 2548 2121 2617 113.]
2174 2552 2256 2601 De
2295 2545 2592 2617 ἀνυποδη-

1603 2616 1699 2687 ola
1754 2626 2008 2669 veterum
2067 2620 2451 2678 Romanorum
2497 2620 2592 2672 lo-

1602 2700 1775 2754 quens
1808 2690 1887 2737 Io.
1919 2690 1983 2739 H.
2017 2690 2238 2739 Vossius
2278 2690 2337 2740 in
2363 2688 2587 2759 Efiistol.

1599 2754 1834 2821 mythol.
1857 2758 1919 2808 Τ.
1950 2759 1990 2809 Ῑ.
2013 2774 2066 2826 p.
2086 2758 2200 2811 130.
2223 2766 2426 2811 testem
2453 2758 2591 2811 citat

1599 2828 1725 2877 Vet.
1738 2823 2098 2878 Scholiastem
2116 2828 2383 2879 Iuvenalis
2407 2831 2448 2893 1,
2471 2830 2584 2883 111.

1678 2892 1696 2943 i
1727 2894 1953 2963 quidem
1975 2896 2113 2947 nihil
2140 2904 2404 2948 testatur:
2456 2914 2584 2948 con-

1645 2970 1797 3013 atum
1845 2970 1927 3015 est
1965 2964 2113 3016 enim
2149 2966 2260 3017 hoc
2311 2966 2584 3017 scholium

1600 3046 1664 3081 ex
1687 3030 1938 3101 pluribus
1963 3034 2176 3103 glossis,
2213 3052 2452 3105 quarum
2477 3040 2587 3087 una

1597 3108 1710 3152 est:
1746 3106 1907 3155 nudis
1979 3106 2198 3163 edibus,
2238 3120 2381 3175 quae
2410 3105 2582 3175 perti-

1595 3178 1692 3221 net
1723 3170 1794 3221 ad
1824 3186 1922 3221 ver
1964 3190 1995 3223 a
2016 3177 2465 3246 poetaepedibus
2489 3175 2574 3224 al-

1594 3239 1692 3292 bia.
1761 3241 1932 3291 Porro
1987 3243 2254 3295 catonem
2296 3260 2426 3295 cum
2463 3239 2566 3290 Sci-

1591 3305 1760 3375 pione
1817 3316 1872 3361 et
1914 3312 2249 3363 Germanico
2301 3306 2460 3363 affert
2507 3306 2566 3357 in

1589 3376 1818 3443 publico
1848 3377 2228 3445 discalceatos,
2265 3379 2576 3432 adscribens

1590 3460 1695 3511 pro
1747 3446 2064 3500 testimonio
2100 3452 2289 3515 „GeIL
2326 3451 2421 3514 13,
2453 3448 2578 3502 21.“

1591 3514 1851 3581 Inspiciat
1903 3516 2041 3568 milri
2089 3518 2286 3589 aliquis
2339 3517 2582 3570 Gellium

1587 3580 1697 3632 hoc
1725 3584 1935 3653 capite:
1974 3586 2167 3650 abibit,
2205 3596 2267 3640 ut
2293 3604 2418 3657 ego,
2452 3585 2580 3637 illu-

1587 3665 1694 3701 sus.
1733 3656 1774 3701 Η
1786 3658 1846 3704 EI
1853 3656 1961 3710 NR.
2035 3657 2062 3686 '⁸‘
2073 3656 2310 3711 Videtur
2321 3660 2582 3710 Summus

1587 3720 1806 3774 Vossius
1832 3724 2109 3793 respicere
2124 3745 2169 3777 c.
2185 3728 2270 3779 20.
2288 3718 2438 3793 quod
2458 3722 2579 3774 aliis

1585 3798 1666 3839 est
1691 3792 1775 3843 21.
1810 3792 1906 3843 sed
1953 3810 2025 3845 ne
2060 3794 2138 3847 ibi
2183 3794 2412 3863 quidem
2437 3790 2578 3843 illud

488 3862 827 3922 teror-umque
861 3874 1071 3907 reorum
1096 3853 1299 3905 iudicia
1327 3855 1480 3925 egis-
1579 3856 1768 3925 ipsum
1791 3862 2090 3931 reperitur.
2159 3866 2240 3915 De
2269 3860 2577 3934 nudipedio
2661 3868 2670 3875 '

483 3930 562 3967 se.
634 3922 779 3989 Ergo
819 3938 933 3975 non
974 3922 1139 3988 fecit,
1178 3924 1357 3993 „quia
1382 3942 1476 3977 ae—

1577 3928 1962 3983 Romanorum
2010 3932 2146 3985 dixit
2183 3932 2482 4003 Nigronius
2511 3932 2578 3983 de

479 3992 625 4036 state
664 3989 1002 4057 agebatur,“
1040 3992 1209 4045 credo
1226 4029 1242 4056 ,
1279 4002 1342 4045 ut
1370 3993 1474 4045 ille
1575 4000 1764 4075 caliga
1791 4018 1838 4055 c.
1868 4004 1920 4057 2.
1945 4003 1992 4071 §.
2022 4004 2108 4059 11.
2155 4004 2376 4056 Calceos
2405 4000 2576 4051 fuisse

478 4054 627 4119 apud
650 4058 963 4113 Iuvenalem
977 4097 991 4125 ‚
1030 4060 1135 4129 qui
1160 4061 1436 4113 exclamat
1450 4082 1468 4115 ε

471 4122 655 4173 Iulius
695 4129 883 4192 ardet,
938 4139 1147 4186 aestum

1570 4080 1628 4115 m
1675 4068 1816 4121 urbe
1856 4091 1958 4141 pro
1997 4076 2142 4125 rium
2187 4086 2352 4143 togae
2413 4083 2575 4121 orna-

1238 4130 1468 4185 Solebat
1567 4143 1823 4191 mentum
1845 4092 1994 4211 pedp

1961 4156 2058 4193 um
2085 4147 2330 4193 testatur
2343 4134 2575 4192 Tertul-

2344 4592 2544 4603 ἯἪ
2569 4592 2672 4601 —wq

2615 4384 2786 4595 μ’
