<?xml version="1.0" encoding="UTF-8"?>
<!DOCTYPE html PUBLIC "-//W3C//DTD XHTML 1.0 Transitional//EN"
    "http://www.w3.org/TR/xhtml1/DTD/xhtml1-transitional.dtd">
<html xmlns="http://www.w3.org/1999/xhtml" xml:lang="en" lang="en">
 <head>
  <title>
</title>
<meta http-equiv="Content-Type" content="text/html;charset=utf-8" />
  <meta name='ocr-system' content='tesseract 3.04.00' />
  <meta name='ocr-capabilities' content='ocr_page ocr_carea ocr_par ocr_line ocrx_word'/>
</head>
<body>
  <div class='ocr_page' id='page_1' title='image "./mtulliciceronis00ambrgoog_0040.png"; bbox 0 0 2859 4617; ppageno 0'>
   <div class='ocr_carea' id='block_1_1' title="bbox 569 274 2193 371">
    <p class='ocr_par' dir='ltr' id='par_1_1' title="bbox 569 274 2193 371">
     <span class='ocr_line' id='line_1_1' title="bbox 569 274 2193 371; baseline -0.009 -18"><span class='ocrx_word' id='word_1_1' title='bbox 569 304 745 371; x_wconf 66' lang='lat' dir='ltr'><strong>xmy</strong></span> <span class='ocrx_word' id='word_1_2' title='bbox 801 360 812 371; x_wconf 55' lang='grc'>,</span> <span class='ocrx_word' id='word_1_3' title='bbox 1044 278 1579 348; x_wconf 75' lang='lat' dir='ltr'>PRINCIPIS</span> <span class='ocrx_word' id='word_1_4' title='bbox 1620 274 2193 346; x_wconf 76' lang='lat' dir='ltr'><strong>EDI&#39;rIoNIs</strong></span> 
     </span>
    </p>
   </div>
   <div class='ocr_carea' id='block_1_2' title="bbox 565 442 2665 1297">
    <p class='ocr_par' dir='ltr' id='par_1_2' title="bbox 565 442 2665 1297">
     <span class='ocr_line' id='line_1_2' title="bbox 572 442 2663 549; baseline -0.005 -30"><span class='ocrx_word' id='word_1_5' title='bbox 572 454 680 522; x_wconf 73' lang='lat' dir='ltr'><strong>dii</strong></span> <span class='ocrx_word' id='word_1_6' title='bbox 711 462 778 517; x_wconf 82' lang='lat' dir='ltr'><strong>et</strong></span> <span class='ocrx_word' id='word_1_7' title='bbox 821 448 1084 534; x_wconf 73' lang='lat' dir='ltr'><strong>similia,</strong></span> <span class='ocrx_word' id='word_1_8' title='bbox 1127 449 1423 515; x_wconf 79' lang='lat' dir='ltr'><strong>sed-non</strong></span> <span class='ocrx_word' id='word_1_9' title='bbox 1466 470 1753 538; x_wconf 77' lang='lat' dir='ltr'><strong>semper.</strong></span> <span class='ocrx_word' id='word_1_10' title='bbox 1816 446 2107 549; x_wconf 74' lang='lat' dir='ltr'><strong>epistula</strong></span> <span class='ocrx_word' id='word_1_11' title='bbox 2147 450 2234 515; x_wconf 84' lang='lat'><strong>47</strong></span> <span class='ocrx_word' id='word_1_12' title='bbox 2248 442 2318 535; x_wconf 90' lang='grc'><strong>).</strong></span> <span class='ocrx_word' id='word_1_13' title='bbox 2361 445 2663 513; x_wconf 77' lang='lat' dir='ltr'><strong>exolare.</strong></span> 
     </span>
     <span class='ocr_line' id='line_1_3' title="bbox 569 531 2665 633; baseline -0.004 -31"><span class='ocrx_word' id='word_1_14' title='bbox 569 538 742 615; x_wconf 71' lang='lat' dir='ltr'><strong>illut.</strong></span> <span class='ocrx_word' id='word_1_15' title='bbox 785 534 970 601; x_wconf 79' lang='lat' dir='ltr'><strong>idem</strong></span> <span class='ocrx_word' id='word_1_16' title='bbox 997 556 1128 633; x_wconf 85' lang='lat' dir='ltr'><strong>pro</strong></span> <span class='ocrx_word' id='word_1_17' title='bbox 1156 535 1383 601; x_wconf 82' lang='lat' dir='ltr'><strong>iidem.</strong></span> <span class='ocrx_word' id='word_1_18' title='bbox 1429 536 1649 600; x_wconf 76' lang='lat' dir='ltr'><strong>isdem</strong></span> <span class='ocrx_word' id='word_1_19' title='bbox 1674 554 1803 623; x_wconf 90' lang='lat' dir='ltr'><strong>pro</strong></span> <span class='ocrx_word' id='word_1_20' title='bbox 1830 532 2096 598; x_wconf 66' lang='lat' dir='ltr'><strong>lisdem.</strong></span> <span class='ocrx_word' id='word_1_21' title='bbox 2140 532 2200 595; x_wconf 70' lang='lat' dir='ltr'><strong>ie</strong></span> <span class='ocrx_word' id='word_1_22' title='bbox 2223 551 2356 617; x_wconf 90' lang='lat' dir='ltr'><strong>pro</strong></span> <span class='ocrx_word' id='word_1_23' title='bbox 2391 532 2497 595; x_wconf 77' lang='lat' dir='ltr'><strong>iis.</strong></span> <span class='ocrx_word' id='word_1_24' title='bbox 2540 531 2665 594; x_wconf 79' lang='grc' dir='ltr'><strong>ἰιι-</strong></span> 
     </span>
     <span class='ocr_line' id='line_1_4' title="bbox 573 613 2664 717; baseline -0.004 -32"><span class='ocrx_word' id='word_1_25' title='bbox 573 620 755 685; x_wconf 77' lang='lat' dir='ltr'><strong>latue</strong></span> <span class='ocrx_word' id='word_1_26' title='bbox 787 632 850 683; x_wconf 87' lang='lat' dir='ltr'><strong>et</strong></span> <span class='ocrx_word' id='word_1_27' title='bbox 873 618 1130 683; x_wconf 77' lang='lat' dir='ltr'><strong>similia.</strong></span> <span class='ocrx_word' id='word_1_28' title='bbox 1206 619 1595 707; x_wconf 77' lang='lat' dir='ltr'><em>intellegere</em></span> <span class='ocrx_word' id='word_1_29' title='bbox 1614 640 1743 717; x_wconf 80' lang='lat' dir='ltr'><strong>pro</strong></span> <span class='ocrx_word' id='word_1_30' title='bbox 1778 616 2181 703; x_wconf 81' lang='lat' dir='ltr'><strong>intelligere.</strong></span> <span class='ocrx_word' id='word_1_31' title='bbox 2240 614 2470 709; x_wconf 58' lang='lat' dir='ltr'><strong>kaput.</strong></span> <span class='ocrx_word' id='word_1_32' title='bbox 2526 613 2664 708; x_wconf 64' lang='lat' dir='ltr'><strong>kq·-</strong></span> 
     </span>
     <span class='ocr_line' id='line_1_5' title="bbox 572 697 2662 793; baseline -0.005 -23"><span class='ocrx_word' id='word_1_33' title='bbox 572 705 773 771; x_wconf 80' lang='lat' dir='ltr'><strong>ritas.</strong></span> <span class='ocrx_word' id='word_1_34' title='bbox 815 704 1014 793; x_wconf 81' lang='lat' dir='ltr'><em>nequi</em></span> <span class='ocrx_word' id='word_1_35' title='bbox 1036 725 1166 790; x_wconf 84' lang='lat' dir='ltr'><strong>pro</strong></span> <span class='ocrx_word' id='word_1_36' title='bbox 1198 705 1452 791; x_wconf 70' lang='lat' dir='ltr'><strong>nequi-3.</strong></span> <span class='ocrx_word' id='word_1_37' title='bbox 1496 715 1797 793; x_wconf 64' lang='lat' dir='ltr'><strong>optulere</strong></span> <span class='ocrx_word' id='word_1_38' title='bbox 1818 723 1949 789; x_wconf 92' lang='lat' dir='ltr'><strong>pro</strong></span> <span class='ocrx_word' id='word_1_39' title='bbox 1978 701 2270 765; x_wconf 79' lang='lat' dir='ltr'><strong>obtinere</strong></span> <span class='ocrx_word' id='word_1_40' title='bbox 2298 708 2362 762; x_wconf 86' lang='lat' dir='ltr'><strong>et</strong></span> <span class='ocrx_word' id='word_1_41' title='bbox 2392 697 2662 763; x_wconf 71' lang='lat' dir='ltr'><strong>similia.</strong></span> 
     </span>
     <span class='ocr_line' id='line_1_6' title="bbox 565 784 2662 877; baseline -0.004 -24"><span class='ocrx_word' id='word_1_42' title='bbox 565 787 1005 877; x_wconf 76' lang='lat' dir='ltr'><strong>pervolgare.</strong></span> <span class='ocrx_word' id='word_1_43' title='bbox 1089 798 1369 852; x_wconf 69' lang='lat' dir='ltr'><strong>namtas.</strong></span> <span class='ocrx_word' id='word_1_44' title='bbox 1415 788 1728 876; x_wconf 78' lang='lat' dir='ltr'><strong>querella.</strong></span> <span class='ocrx_word' id='word_1_45' title='bbox 1774 808 1987 873; x_wconf 80' lang='lat' dir='ltr'><strong>quom.</strong></span> <span class='ocrx_word' id='word_1_46' title='bbox 2032 786 2351 871; x_wconf 71' lang='lat' dir='ltr'><strong>quotiens.</strong></span> <span class='ocrx_word' id='word_1_47' title='bbox 2395 784 2662 847; x_wconf 74' lang='lat' dir='ltr'><strong>totiens.</strong></span> 
     </span>
     <span class='ocr_line' id='line_1_7' title="bbox 573 865 2663 958; baseline -0.004 -20"><span class='ocrx_word' id='word_1_48' title='bbox 573 872 873 939; x_wconf 84' lang='lat' dir='ltr'><strong>relicum.</strong></span> <span class='ocrx_word' id='word_1_49' title='bbox 920 874 1057 937; x_wconf 79' lang='lat' dir='ltr'><strong>scri</strong></span> <span class='ocrx_word' id='word_1_50' title='bbox 1097 884 1224 939; x_wconf 83' lang='lat' dir='ltr'><strong>tus.</strong></span> <span class='ocrx_word' id='word_1_51' title='bbox 1267 869 1596 958; x_wconf 76' lang='lat' dir='ltr'><strong>temptare</strong></span> <span class='ocrx_word' id='word_1_52' title='bbox 1622 883 1683 934; x_wconf 89' lang='lat' dir='ltr'><strong>et</strong></span> <span class='ocrx_word' id='word_1_53' title='bbox 1725 868 1978 932; x_wconf 81' lang='lat' dir='ltr'><strong>similia.</strong></span> <span class='ocrx_word' id='word_1_54' title='bbox 2024 867 2327 933; x_wconf 72' lang='lat' dir='ltr'><strong>tribunos</strong></span> <span class='ocrx_word' id='word_1_55' title='bbox 2350 888 2479 953; x_wconf 91' lang='lat' dir='ltr'><strong>pro</strong></span> <span class='ocrx_word' id='word_1_56' title='bbox 2505 865 2663 930; x_wconf 67' lang='lat' dir='ltr'><strong>›tri-</strong></span> 
     </span>
     <span class='ocr_line' id='line_1_8' title="bbox 574 952 2663 1035; baseline -0.005 -14"><span class='ocrx_word' id='word_1_57' title='bbox 574 956 807 1021; x_wconf 79' lang='lat' dir='ltr'><strong>bunus.</strong></span> <span class='ocrx_word' id='word_1_58' title='bbox 849 956 1096 1021; x_wconf 75' lang='lat' dir='ltr'><strong>voltu-3.</strong></span> <span class='ocrx_word' id='word_1_59' title='bbox 1159 956 1428 1019; x_wconf 76' lang='lat' dir='ltr'><strong>unicam</strong></span> <span class='ocrx_word' id='word_1_60' title='bbox 1454 954 1749 1019; x_wconf 81' lang='lat' dir='ltr'><strong>formam</strong></span> <span class='ocrx_word' id='word_1_61' title='bbox 1777 952 2029 1017; x_wconf 78' lang='lat' dir='ltr'><strong>litterae</strong></span> <span class='ocrx_word' id='word_1_62' title='bbox 2060 974 2136 1029; x_wconf 83' lang='lat' dir='ltr'><strong>u,</strong></span> <span class='ocrx_word' id='word_1_63' title='bbox 2181 971 2459 1035; x_wconf 81' lang='lat' dir='ltr'><strong>eamque</strong></span> <span class='ocrx_word' id='word_1_64' title='bbox 2485 971 2663 1035; x_wconf 81' lang='lat' dir='ltr'><strong>qua-</strong></span> 
     </span>
     <span class='ocr_line' id='line_1_9' title="bbox 573 1030 2661 1181; baseline -0.003 -78"><span class='ocrx_word' id='word_1_65' title='bbox 573 1040 654 1103; x_wconf 84' lang='lat' dir='ltr'><strong>lis</strong></span> <span class='ocrx_word' id='word_1_66' title='bbox 677 1062 856 1103; x_wconf 84' lang='lat' dir='ltr'><strong>nunc</strong></span> <span class='ocrx_word' id='word_1_67' title='bbox 883 1040 1122 1103; x_wconf 81' lang='lat' dir='ltr'><strong>vocalis</strong></span> <span class='ocrx_word' id='word_1_68' title='bbox 1149 1039 1567 1126; x_wconf 69' lang='lat' dir='ltr'><strong>exprimitur.</strong></span> <span class='ocrx_word' id='word_1_69' title='bbox 1600 1058 1976 1134; x_wconf 79' lang='lat' dir='ltr'><strong>numquam</strong></span> <span class='ocrx_word' id='word_1_70' title='bbox 2010 1038 2041 1101; x_wconf 82' lang='grc' dir='ltr'><strong>ι’</strong></span> <span class='ocrx_word' id='word_1_71' title='bbox 2063 1035 2353 1181; x_wconf 50' lang='lat' dir='ltr'><strong>longam.</strong></span> <span class='ocrx_word' id='word_1_72' title='bbox 2430 1030 2509 1096; x_wconf 87' lang='lat' dir='ltr'><strong>In</strong></span> <span class='ocrx_word' id='word_1_73' title='bbox 2536 1056 2661 1096; x_wconf 90' lang='lat' dir='ltr'><strong>co-</strong></span> 
     </span>
     <span class='ocr_line' id='line_1_10' title="bbox 577 1116 2662 1209; baseline -0.004 -22"><span class='ocrx_word' id='word_1_74' title='bbox 577 1124 716 1187; x_wconf 88' lang='lat' dir='ltr'><strong>dice</strong></span> <span class='ocrx_word' id='word_1_75' title='bbox 760 1122 1046 1197; x_wconf 82' lang='lat' dir='ltr'><strong>secundo</strong></span> <span class='ocrx_word' id='word_1_76' title='bbox 1078 1122 1328 1186; x_wconf 78' lang='lat' dir='ltr'><strong>litterae</strong></span> <span class='ocrx_word' id='word_1_77' title='bbox 1363 1123 1885 1209; x_wconf 75' lang='lat' dir='ltr'><strong>compendiariae</strong></span> <span class='ocrx_word' id='word_1_78' title='bbox 1907 1143 2037 1208; x_wconf 92' lang='lat' dir='ltr'><strong>pro</strong></span> <span class='ocrx_word' id='word_1_79' title='bbox 2070 1142 2184 1183; x_wconf 85' lang='lat' dir='ltr'><strong>ver</strong></span> <span class='ocrx_word' id='word_1_80' title='bbox 2232 1142 2271 1182; x_wconf 94' lang='lat' dir='ltr'><strong>o</strong></span> <span class='ocrx_word' id='word_1_81' title='bbox 2304 1116 2662 1181; x_wconf 82' lang='lat' dir='ltr'>collocatae</span> 
     </span>
     <span class='ocr_line' id='line_1_11' title="bbox 577 1200 2663 1297; baseline -0.004 -27"><span class='ocrx_word' id='word_1_82' title='bbox 577 1207 839 1270; x_wconf 83' lang='lat' dir='ltr'><strong>duobus</strong></span> <span class='ocrx_word' id='word_1_83' title='bbox 868 1207 1128 1295; x_wconf 87' lang='lat' dir='ltr'><strong>punctis</strong></span> <span class='ocrx_word' id='word_1_84' title='bbox 1158 1205 1595 1271; x_wconf 74' lang='lat' dir='ltr'><strong>includuntur</strong></span> <span class='ocrx_word' id='word_1_85' title='bbox 1628 1207 1750 1283; x_wconf 89' lang='lat' dir='ltr'><strong>sic,</strong></span> <span class='ocrx_word' id='word_1_86' title='bbox 1800 1228 1860 1270; x_wconf 85' lang='lat' dir='ltr'><strong>v.</strong></span> <span class='ocrx_word' id='word_1_87' title='bbox 1896 1226 1989 1291; x_wconf 89' lang='lat' dir='ltr'><strong>gr.</strong></span> <span class='ocrx_word' id='word_1_88' title='bbox 2036 1204 2128 1267; x_wconf 88' lang='lat' dir='ltr'><strong>·P·</strong></span> <span class='ocrx_word' id='word_1_89' title='bbox 2174 1214 2238 1266; x_wconf 80' lang='lat' dir='ltr'><strong>et</strong></span> <span class='ocrx_word' id='word_1_90' title='bbox 2267 1201 2537 1297; x_wconf 77' lang='lat' dir='ltr'><strong>quidem</strong></span> <span class='ocrx_word' id='word_1_91' title='bbox 2570 1200 2663 1263; x_wconf 79' lang='lat' dir='ltr'><strong>ad</strong></span> 
     </span>
    </p>
   </div>
   <div class='ocr_carea' id='block_1_3' title="bbox 537 1288 2661 1461">
    <p class='ocr_par' dir='ltr' id='par_1_3' title="bbox 537 1288 2661 1461">
     <span class='ocr_line' id='line_1_12' title="bbox 537 1288 2661 1379; baseline -0.003 -26"><span class='ocrx_word' id='word_1_92' title='bbox 537 1320 542 1339; x_wconf 60' lang='lat' dir='ltr'><em>o</em></span> <span class='ocrx_word' id='word_1_93' title='bbox 575 1289 830 1367; x_wconf 75' lang='lat' dir='ltr'><strong>litterae</strong></span> <span class='ocrx_word' id='word_1_94' title='bbox 874 1290 1310 1355; x_wconf 82' lang='lat' dir='ltr'><strong>medietatem.</strong></span> <span class='ocrx_word' id='word_1_95' title='bbox 1394 1292 1485 1355; x_wconf 83' lang='lat' dir='ltr'><strong>At</strong></span> <span class='ocrx_word' id='word_1_96' title='bbox 1523 1290 1594 1355; x_wconf 88' lang='lat' dir='ltr'><strong>in</strong></span> <span class='ocrx_word' id='word_1_97' title='bbox 1632 1290 1857 1379; x_wconf 88' lang='lat' dir='ltr'><strong>priore</strong></span> <span class='ocrx_word' id='word_1_98' title='bbox 1890 1288 2108 1351; x_wconf 89' lang='lat' dir='ltr'><strong>codice</strong></span> <span class='ocrx_word' id='word_1_99' title='bbox 2150 1298 2439 1351; x_wconf 79' lang='lat' dir='ltr'><strong>anterius</strong></span> <span class='ocrx_word' id='word_1_100' title='bbox 2467 1304 2661 1371; x_wconf 88' lang='lat' dir='ltr'><strong>pun-</strong></span> 
     </span>
     <span class='ocr_line' id='line_1_13' title="bbox 549 1369 2661 1461; baseline -0.002 -24"><span class='ocrx_word' id='word_1_101' title='bbox 549 1384 764 1437; x_wconf 84' lang='lat' dir='ltr'><strong>&#39;ctum</strong></span> <span class='ocrx_word' id='word_1_102' title='bbox 814 1372 954 1438; x_wconf 87' lang='lat' dir='ltr'><strong>fere</strong></span> <span class='ocrx_word' id='word_1_103' title='bbox 999 1376 1348 1438; x_wconf 87' lang='lat' dir='ltr'><strong>omittitur.</strong></span> <span class='ocrx_word' id='word_1_104' title='bbox 1435 1374 1715 1439; x_wconf 77' lang='lat' dir='ltr'><strong>Gemina</strong></span> <span class='ocrx_word' id='word_1_105' title='bbox 1748 1383 1998 1461; x_wconf 79' lang='lat' dir='ltr'><strong>puncta</strong></span> <span class='ocrx_word' id='word_1_106' title='bbox 2028 1373 2098 1433; x_wconf 88' lang='lat' dir='ltr'><strong>in</strong></span> <span class='ocrx_word' id='word_1_107' title='bbox 2126 1369 2374 1434; x_wconf 81' lang='lat' dir='ltr'><strong>schedis</strong></span> <span class='ocrx_word' id='word_1_108' title='bbox 2407 1369 2661 1433; x_wconf 79' lang='lat' dir='ltr'><strong>vatica-</strong></span> 
     </span>
    </p>
   </div>
   <div class='ocr_carea' id='block_1_4' title="bbox 466 1878 738 1926">
    <p class='ocr_par' dir='ltr' id='par_1_4' title="bbox 466 1878 738 1926">
     <span class='ocr_line' id='line_1_14' title="bbox 466 1878 738 1926; baseline -0.007 -11"><span class='ocrx_word' id='word_1_109' title='bbox 466 1900 474 1908; x_wconf 82' lang='grc'><strong>-</strong></span> <span class='ocrx_word' id='word_1_110' title='bbox 579 1878 702 1915; x_wconf 78' lang='lat' dir='ltr'><strong>rent</strong></span> <span class='ocrx_word' id='word_1_111' title='bbox 723 1900 738 1926; x_wconf 89' lang='lat'><em>‚</em></span> 
     </span>
    </p>
   </div>
   <div class='ocr_carea' id='block_1_5' title="bbox 574 1450 2658 1545">
    <p class='ocr_par' dir='ltr' id='par_1_5' title="bbox 574 1450 2658 1545">
     <span class='ocr_line' id='line_1_15' title="bbox 574 1450 2658 1545; baseline -0.003 -24"><span class='ocrx_word' id='word_1_112' title='bbox 574 1459 710 1536; x_wconf 75' lang='lat' dir='ltr'><strong>nie,</strong></span> <span class='ocrx_word' id='word_1_113' title='bbox 757 1480 791 1522; x_wconf 89' lang='lat' dir='ltr'><strong>e</strong></span> <span class='ocrx_word' id='word_1_114' title='bbox 815 1458 1050 1543; x_wconf 86' lang='lat' dir='ltr'><strong>quibus</strong></span> <span class='ocrx_word' id='word_1_115' title='bbox 1084 1459 1334 1523; x_wconf 88' lang='lat' dir='ltr'><strong>editum</strong></span> <span class='ocrx_word' id='word_1_116' title='bbox 1364 1471 1461 1523; x_wconf 88' lang='lat' dir='ltr'><strong>est</strong></span> <span class='ocrx_word' id='word_1_117' title='bbox 1485 1458 1651 1525; x_wconf 82' lang='lat' dir='ltr'><strong>Livii</strong></span> <span class='ocrx_word' id='word_1_118' title='bbox 1679 1456 2153 1545; x_wconf 85' lang='lat' dir='ltr'><strong>fragmentum,</strong></span> <span class='ocrx_word' id='word_1_119' title='bbox 2196 1454 2393 1517; x_wconf 79' lang='lat' dir='ltr'><strong>etiam</strong></span> <span class='ocrx_word' id='word_1_120' title='bbox 2423 1452 2500 1516; x_wconf 89' lang='lat' dir='ltr'><strong>cl.</strong></span> <span class='ocrx_word' id='word_1_121' title='bbox 2534 1450 2658 1515; x_wconf 89' lang='lat' dir='ltr'><strong>Iu-</strong></span> 
     </span>
    </p>
   </div>
   <div class='ocr_carea' id='block_1_6' title="bbox 575 1540 1491 1632">
    <p class='ocr_par' dir='ltr' id='par_1_6' title="bbox 575 1540 1491 1632">
     <span class='ocr_line' id='line_1_16' title="bbox 575 1540 1491 1632; baseline 0.001 -26"><span class='ocrx_word' id='word_1_122' title='bbox 575 1542 870 1608; x_wconf 78' lang='lat' dir='ltr'><strong>venatius</strong></span> <span class='ocrx_word' id='word_1_123' title='bbox 935 1543 1304 1610; x_wconf 81' lang='lat' dir='ltr'><strong>observavit</strong></span> <span class='ocrx_word' id='word_1_124' title='bbox 1342 1540 1491 1632; x_wconf 85' lang='lat'><strong>48).</strong></span> 
     </span>
    </p>
   </div>
   <div class='ocr_carea' id='block_1_7' title="bbox 564 1730 1568 2136">
    <p class='ocr_par' dir='ltr' id='par_1_7' title="bbox 564 1730 1568 2136">
     <span class='ocr_line' id='line_1_17' title="bbox 577 1730 1564 1803; baseline 0.001 -21"><span class='ocrx_word' id='word_1_125' title='bbox 577 1730 718 1783; x_wconf 83' lang='lat' dir='ltr'><strong>enim</strong></span> <span class='ocrx_word' id='word_1_126' title='bbox 735 1765 753 1793; x_wconf 91' lang='lat'>‚</span> <span class='ocrx_word' id='word_1_127' title='bbox 782 1748 886 1801; x_wconf 83' lang='lat' dir='ltr'><strong>per</strong></span> <span class='ocrx_word' id='word_1_128' title='bbox 922 1749 1058 1801; x_wconf 76' lang='lat' dir='ltr'><strong>quos</strong></span> <span class='ocrx_word' id='word_1_129' title='bbox 1083 1731 1193 1781; x_wconf 71' lang='lat' dir='ltr'><strong>ista</strong></span> <span class='ocrx_word' id='word_1_130' title='bbox 1219 1749 1448 1801; x_wconf 82' lang='lat' dir='ltr'><strong>corpora</strong></span> <span class='ocrx_word' id='word_1_131' title='bbox 1471 1730 1564 1803; x_wconf 87' lang='lat' dir='ltr'><strong>ef-</strong></span> 
     </span>
     <span class='ocr_line' id='line_1_18' title="bbox 564 1798 1567 1869; baseline 0.003 -23"><span class='ocrx_word' id='word_1_132' title='bbox 564 1798 856 1863; x_wconf 75' lang='lat' dir='ltr'><strong>ficiuntur,</strong></span> <span class='ocrx_word' id='word_1_133' title='bbox 898 1800 1017 1848; x_wconf 82' lang='lat' dir='ltr'><strong>iure</strong></span> <span class='ocrx_word' id='word_1_134' title='bbox 1042 1809 1141 1848; x_wconf 70' lang='lat' dir='ltr'><strong>aut</strong></span> <span class='ocrx_word' id='word_1_135' title='bbox 1163 1798 1348 1869; x_wconf 85' lang='lat' dir='ltr'><strong>officio</strong></span> <span class='ocrx_word' id='word_1_136' title='bbox 1372 1801 1567 1851; x_wconf 80' lang='lat' dir='ltr'><strong>cohae-</strong></span> 
     </span>
     <span class='ocr_line' id='line_1_19' title="bbox 809 1869 1564 1919; baseline 0.007 -5"><span class='ocrx_word' id='word_1_137' title='bbox 809 1879 1073 1915; x_wconf 77' lang='lat' dir='ltr'><strong>natura</strong></span> <span class='ocrx_word' id='word_1_138' title='bbox 1141 1869 1426 1917; x_wconf 78' lang='lat' dir='ltr'><strong>dc&#39;ducti</strong></span> <span class='ocrx_word' id='word_1_139' title='bbox 1493 1880 1564 1919; x_wconf 70' lang='lat' dir='ltr'><strong>et</strong></span> 
     </span>
     <span class='ocr_line' id='line_1_20' title="bbox 579 1931 1566 2000; baseline 0.002 -19"><span class='ocrx_word' id='word_1_140' title='bbox 579 1933 853 2000; x_wconf 72' lang='lat' dir='ltr'><strong>singuli</strong></span> <span class='ocrx_word' id='word_1_141' title='bbox 885 1946 1046 1983; x_wconf 73' lang='lat' dir='ltr'><strong>sune</strong></span> <span class='ocrx_word' id='word_1_142' title='bbox 1063 1952 1078 1981; x_wconf 86' lang='grc'><strong>.-</strong></span> <span class='ocrx_word' id='word_1_143' title='bbox 1111 1940 1176 1982; x_wconf 88' lang='lat' dir='ltr'><strong>ut</strong></span> <span class='ocrx_word' id='word_1_144' title='bbox 1190 1931 1457 1985; x_wconf 83' lang='lat' dir='ltr'><strong>describit</strong></span> <span class='ocrx_word' id='word_1_145' title='bbox 1472 1938 1566 1984; x_wconf 91' lang='lat' dir='ltr'><strong>Se-</strong></span> 
     </span>
     <span class='ocr_line' id='line_1_21' title="bbox 579 1998 1566 2071; baseline 0.004 -22"><span class='ocrx_word' id='word_1_146' title='bbox 579 2015 720 2059; x_wconf 74' lang='lat' dir='ltr'><strong>neca</strong></span> <span class='ocrx_word' id='word_1_147' title='bbox 759 1998 817 2049; x_wconf 82' lang='lat' dir='ltr'><strong>in</strong></span> <span class='ocrx_word' id='word_1_148' title='bbox 855 2020 936 2071; x_wconf 78' lang='lat' dir='ltr'><strong>ep.</strong></span> <span class='ocrx_word' id='word_1_149' title='bbox 973 2001 1092 2053; x_wconf 80' lang='lat'><strong>102.</strong></span> <span class='ocrx_word' id='word_1_150' title='bbox 1133 2010 1260 2069; x_wconf 82' lang='lat' dir='ltr'><strong>post</strong></span> <span class='ocrx_word' id='word_1_151' title='bbox 1298 2002 1373 2055; x_wconf 84' lang='lat' dir='ltr'><strong>in.</strong></span> <span class='ocrx_word' id='word_1_152' title='bbox 1459 2002 1566 2065; x_wconf 85' lang='lat' dir='ltr'><strong>Sic,</strong></span> 
     </span>
     <span class='ocr_line' id='line_1_22' title="bbox 578 2066 1568 2136; baseline 0.006 -20"><span class='ocrx_word' id='word_1_153' title='bbox 578 2066 676 2117; x_wconf 84' lang='lat' dir='ltr'><strong>ubi</strong></span> <span class='ocrx_word' id='word_1_154' title='bbox 719 2066 1128 2136; x_wconf 81' lang='lat' dir='ltr'><strong>distinguuntur</strong></span> <span class='ocrx_word' id='word_1_155' title='bbox 1169 2079 1324 2121; x_wconf 81' lang='lat' dir='ltr'><strong>certa</strong></span> <span class='ocrx_word' id='word_1_156' title='bbox 1373 2087 1568 2122; x_wconf 87' lang='lat' dir='ltr'><strong>rerum</strong></span> 
     </span>
    </p>
   </div>
   <div class='ocr_carea' id='block_1_8' title="bbox 519 2134 1569 2261">
    <p class='ocr_par' dir='ltr' id='par_1_8' title="bbox 519 2134 1569 2261">
     <span class='ocr_line' id='line_1_23' title="bbox 557 2134 1566 2205; baseline 0.008 -20"><span class='ocrx_word' id='word_1_157' title='bbox 557 2134 888 2198; x_wconf 81' lang='lat' dir='ltr'><strong>.elementa,</strong></span> <span class='ocrx_word' id='word_1_158' title='bbox 937 2152 1024 2204; x_wconf 84' lang='lat' dir='ltr'><strong>ap.</strong></span> <span class='ocrx_word' id='word_1_159' title='bbox 1055 2136 1166 2192; x_wconf 84' lang='lat' dir='ltr'><strong>cic.</strong></span> <span class='ocrx_word' id='word_1_160' title='bbox 1197 2142 1270 2192; x_wconf 86' lang='lat' dir='ltr'><strong>N.</strong></span> <span class='ocrx_word' id='word_1_161' title='bbox 1303 2146 1374 2191; x_wconf 91' lang='lat' dir='ltr'><strong>D.</strong></span> <span class='ocrx_word' id='word_1_162' title='bbox 1403 2143 1471 2193; x_wconf 89' lang='lat' dir='ltr'><strong>II.</strong></span> <span class='ocrx_word' id='word_1_163' title='bbox 1512 2141 1566 2205; x_wconf 90' lang='lat'><strong>7,</strong></span> 
     </span>
     <span class='ocr_line' id='line_1_24' title="bbox 519 2204 1569 2261; baseline 0.002 -2"><span class='ocrx_word' id='word_1_164' title='bbox 519 2226 526 2236; x_wconf 83' lang='grc'><em>·</em></span> <span class='ocrx_word' id='word_1_165' title='bbox 581 2204 670 2259; x_wconf 82' lang='grc'><strong>18.</strong></span> <span class='ocrx_word' id='word_1_166' title='bbox 737 2213 832 2258; x_wconf 78' lang='lat' dir='ltr'><strong>An</strong></span> <span class='ocrx_word' id='word_1_167' title='bbox 863 2220 1101 2259; x_wconf 70' lang='lat' dir='ltr'><strong>cetera</strong></span> <span class='ocrx_word' id='word_1_168' title='bbox 1133 2211 1364 2261; x_wconf 73' lang='lat' dir='ltr'><strong>mundus</strong></span> <span class='ocrx_word' id='word_1_169' title='bbox 1394 2210 1569 2261; x_wconf 78' lang='lat' dir='ltr'><strong>habe-</strong></span> 
     </span>
    </p>
   </div>
   <div class='ocr_carea' id='block_1_9' title="bbox 577 2274 1576 4105">
    <p class='ocr_par' dir='ltr' id='par_1_9' title="bbox 577 2274 1576 4105">
     <span class='ocr_line' id='line_1_25' title="bbox 581 2274 1567 2346; baseline 0 -21"><span class='ocrx_word' id='word_1_170' title='bbox 581 2274 664 2325; x_wconf 83' lang='lat' dir='ltr'><strong>bit</strong></span> <span class='ocrx_word' id='word_1_171' title='bbox 697 2277 877 2327; x_wconf 84' lang='lat' dir='ltr'><strong>omni</strong></span> <span class='ocrx_word' id='word_1_172' title='bbox 888 2294 925 2326; x_wconf 85' lang='lat' dir='ltr'><em>a</em></span> <span class='ocrx_word' id='word_1_173' title='bbox 961 2274 1087 2346; x_wconf 83' lang='lat' dir='ltr'><strong>(np.</strong></span> <span class='ocrx_word' id='word_1_174' title='bbox 1105 2283 1160 2325; x_wconf 91' lang='lat' dir='ltr'><strong>et</strong></span> <span class='ocrx_word' id='word_1_175' title='bbox 1186 2274 1483 2329; x_wconf 87' lang='lat' dir='ltr'><strong>humorem</strong></span> <span class='ocrx_word' id='word_1_176' title='bbox 1510 2282 1567 2327; x_wconf 86' lang='lat' dir='ltr'><strong>et</strong></span> 
     </span>
     <span class='ocr_line' id='line_1_26' title="bbox 581 2340 1565 2411; baseline 0.004 -20"><span class='ocrx_word' id='word_1_177' title='bbox 581 2340 828 2394; x_wconf 80' lang='lat' dir='ltr'><strong>calorem</strong></span> <span class='ocrx_word' id='word_1_178' title='bbox 845 2380 860 2409; x_wconf 89' lang='lat'>‚</span> <span class='ocrx_word' id='word_1_179' title='bbox 899 2343 992 2411; x_wconf 89' lang='lat' dir='ltr'><strong>qui</strong></span> <span class='ocrx_word' id='word_1_180' title='bbox 1031 2352 1112 2395; x_wconf 85' lang='lat' dir='ltr'><strong>est</strong></span> <span class='ocrx_word' id='word_1_181' title='bbox 1154 2343 1310 2396; x_wconf 85' lang='lat' dir='ltr'><strong>fusus</strong></span> <span class='ocrx_word' id='word_1_182' title='bbox 1341 2344 1396 2396; x_wconf 90' lang='lat' dir='ltr'><strong>in</strong></span> <span class='ocrx_word' id='word_1_183' title='bbox 1442 2362 1565 2397; x_wconf 90' lang='lat' dir='ltr'><strong>cor-</strong></span> 
     </span>
     <span class='ocr_line' id='line_1_27' title="bbox 579 2414 1566 2483; baseline 0.004 -22"><span class='ocrx_word' id='word_1_184' title='bbox 579 2426 747 2479; x_wconf 86' lang='lat' dir='ltr'><strong>pore,</strong></span> <span class='ocrx_word' id='word_1_185' title='bbox 785 2420 839 2462; x_wconf 89' lang='lat' dir='ltr'><strong>et</strong></span> <span class='ocrx_word' id='word_1_186' title='bbox 874 2420 1156 2463; x_wconf 84' lang='lat' dir='ltr'><strong>terrenam</strong></span> <span class='ocrx_word' id='word_1_187' title='bbox 1191 2414 1370 2483; x_wconf 80' lang='lat' dir='ltr'><strong>ipsam</strong></span> <span class='ocrx_word' id='word_1_188' title='bbox 1393 2414 1566 2465; x_wconf 86' lang='lat' dir='ltr'><strong>visce-</strong></span> 
     </span>
     <span class='ocr_line' id='line_1_28' title="bbox 577 2480 1569 2544; baseline 0.003 -15"><span class='ocrx_word' id='word_1_189' title='bbox 577 2496 711 2530; x_wconf 86' lang='lat' dir='ltr'><strong>rum</strong></span> <span class='ocrx_word' id='word_1_190' title='bbox 737 2480 1089 2544; x_wconf 72' lang='lat' dir='ltr'><strong>soliditatem,</strong></span> <span class='ocrx_word' id='word_1_191' title='bbox 1126 2482 1376 2533; x_wconf 83' lang='lat' dir='ltr'><strong>animum</strong></span> <span class='ocrx_word' id='word_1_192' title='bbox 1411 2482 1569 2533; x_wconf 87' lang='lat' dir='ltr'><strong>deni-</strong></span> 
     </span>
     <span class='ocr_line' id='line_1_29' title="bbox 581 2548 1565 2615; baseline 0.006 -17"><span class='ocrx_word' id='word_1_193' title='bbox 581 2564 693 2615; x_wconf 78' lang='lat' dir='ltr'><strong>que</strong></span> <span class='ocrx_word' id='word_1_194' title='bbox 709 2548 870 2599; x_wconf 85' lang='lat' dir='ltr'><strong>illum</strong></span> <span class='ocrx_word' id='word_1_195' title='bbox 885 2548 1249 2615; x_wconf 76' lang='lat' dir='ltr'><strong>spirabilem),</strong></span> <span class='ocrx_word' id='word_1_196' title='bbox 1270 2556 1370 2603; x_wconf 79' lang='grc' dir='ltr'><em>Ιιοσ</em></span> <span class='ocrx_word' id='word_1_197' title='bbox 1386 2571 1565 2613; x_wconf 81' lang='lat' dir='ltr'><strong>unum,</strong></span> 
     </span>
     <span class='ocr_line' id='line_1_30' title="bbox 581 2618 1563 2686; baseline -0.001 -17"><span class='ocrx_word' id='word_1_198' title='bbox 581 2619 726 2686; x_wconf 82' lang='lat' dir='ltr'><strong>quod</strong></span> <span class='ocrx_word' id='word_1_199' title='bbox 789 2618 973 2669; x_wconf 73' lang='lat' dir='ltr'><strong>lut-imi</strong></span> <span class='ocrx_word' id='word_1_200' title='bbox 995 2625 1078 2679; x_wconf 74' lang='grc' dir='ltr'><strong>ἐι,</strong></span> <span class='ocrx_word' id='word_1_201' title='bbox 1115 2618 1230 2685; x_wconf 87' lang='lat' dir='ltr'><strong>(np.</strong></span> <span class='ocrx_word' id='word_1_202' title='bbox 1263 2619 1563 2680; x_wconf 81' lang='lat' dir='ltr'><strong>rationem)</strong></span> 
     </span>
     <span class='ocr_line' id='line_1_31' title="bbox 581 2685 1568 2751; baseline 0.004 -17"><span class='ocrx_word' id='word_1_203' title='bbox 581 2704 690 2735; x_wconf 86' lang='lat' dir='ltr'><strong>non</strong></span> <span class='ocrx_word' id='word_1_204' title='bbox 765 2686 942 2735; x_wconf 77' lang='lat' dir='ltr'><strong>abebic</strong></span> <span class='ocrx_word' id='word_1_205' title='bbox 959 2686 985 2734; x_wconf 84' lang='lat'><em>?</em></span> <span class='ocrx_word' id='word_1_206' title='bbox 1055 2685 1136 2737; x_wconf 77' lang='grc' dir='ltr'><strong>ΙΙ).</strong></span> <span class='ocrx_word' id='word_1_207' title='bbox 1164 2686 1250 2751; x_wconf 84' lang='grc'><strong>41,</strong></span> <span class='ocrx_word' id='word_1_208' title='bbox 1285 2687 1401 2741; x_wconf 87' lang='grc'><strong>105.</strong></span> <span class='ocrx_word' id='word_1_209' title='bbox 1455 2694 1568 2738; x_wconf 85' lang='lat' dir='ltr'><strong>Ce-</strong></span> 
     </span>
     <span class='ocr_line' id='line_1_32' title="bbox 583 2754 1569 2807; baseline 0.002 -4"><span class='ocrx_word' id='word_1_210' title='bbox 583 2765 692 2803; x_wconf 74' lang='lat' dir='ltr'><strong>ter</strong></span> <span class='ocrx_word' id='word_1_211' title='bbox 709 2771 745 2802; x_wconf 86' lang='lat' dir='ltr'><em>a</em></span> <span class='ocrx_word' id='word_1_212' title='bbox 794 2754 1050 2804; x_wconf 76' lang='lat' dir='ltr'><strong>labuntur</strong></span> <span class='ocrx_word' id='word_1_213' title='bbox 1097 2754 1261 2806; x_wconf 83' lang='lat' dir='ltr'><strong>celeri</strong></span> <span class='ocrx_word' id='word_1_214' title='bbox 1307 2756 1569 2807; x_wconf 76' lang='lat' dir='ltr'><strong>caelestia</strong></span> 
     </span>
     <span class='ocr_line' id='line_1_33' title="bbox 580 2818 1569 2888; baseline 0.003 -16"><span class='ocrx_word' id='word_1_215' title='bbox 580 2833 731 2872; x_wconf 68' lang='lat' dir='ltr'><strong>motu</strong></span> <span class='ocrx_word' id='word_1_216' title='bbox 761 2844 832 2859; x_wconf 89' lang='lat'><strong>--</strong></span> <span class='ocrx_word' id='word_1_217' title='bbox 865 2818 1114 2888; x_wconf 74' lang='lat' dir='ltr'><strong>loquitur</strong></span> <span class='ocrx_word' id='word_1_218' title='bbox 1164 2819 1234 2872; x_wconf 79' lang='lat' dir='ltr'><strong>de</strong></span> <span class='ocrx_word' id='word_1_219' title='bbox 1292 2825 1569 2875; x_wconf 75' lang='lat' dir='ltr'><strong>stellarum</strong></span> 
     </span>
     <span class='ocr_line' id='line_1_34' title="bbox 582 2890 1568 2959; baseline 0.001 -19"><span class='ocrx_word' id='word_1_220' title='bbox 582 2890 940 2942; x_wconf 70' lang='lat' dir='ltr'><strong>inerrantium</strong></span> <span class='ocrx_word' id='word_1_221' title='bbox 960 2910 1210 2942; x_wconf 76' lang='lat' dir='ltr'><strong>maxuma</strong></span> <span class='ocrx_word' id='word_1_222' title='bbox 1223 2890 1321 2941; x_wconf 83' lang='lat' dir='ltr'><strong>illa</strong></span> <span class='ocrx_word' id='word_1_223' title='bbox 1341 2892 1568 2959; x_wconf 79' lang='lat' dir='ltr'><strong>quidem</strong></span> 
     </span>
     <span class='ocr_line' id='line_1_35' title="bbox 577 2958 1572 3030; baseline 0.005 -22"><span class='ocrx_word' id='word_1_224' title='bbox 577 2958 942 3024; x_wconf 70' lang='lat' dir='ltr'><strong>multitudine,</strong></span> <span class='ocrx_word' id='word_1_225' title='bbox 979 2978 1202 3030; x_wconf 82' lang='lat' dir='ltr'><strong>quarum</strong></span> <span class='ocrx_word' id='word_1_226' title='bbox 1232 2968 1423 3011; x_wconf 84' lang='lat' dir='ltr'><strong>tamen</strong></span> <span class='ocrx_word' id='word_1_227' title='bbox 1460 2965 1519 3013; x_wconf 67' lang='lat' dir='ltr'><strong>it</strong></span> <span class='ocrx_word' id='word_1_228' title='bbox 1536 2980 1572 3013; x_wconf 84' lang='lat' dir='ltr'><strong><em>a</em></strong></span> 
     </span>
     <span class='ocr_line' id='line_1_36' title="bbox 580 3027 1572 3097; baseline 0.006 -21"><span class='ocrx_word' id='word_1_229' title='bbox 580 3027 939 3097; x_wconf 72' lang='lat' dir='ltr'><strong>descripta</strong></span> <span class='ocrx_word' id='word_1_230' title='bbox 999 3030 1383 3082; x_wconf 77' lang='lat' dir='ltr'><strong>distinctio</strong></span> <span class='ocrx_word' id='word_1_231' title='bbox 1448 3028 1572 3095; x_wconf 70' lang='grc' dir='ltr'><strong>ἐι,</strong></span> 
     </span>
     <span class='ocr_line' id='line_1_37' title="bbox 581 3099 1567 3170; baseline 0.004 -24"><span class='ocrx_word' id='word_1_232' title='bbox 581 3108 646 3146; x_wconf 77' lang='lat' dir='ltr'><strong>ut</strong></span> <span class='ocrx_word' id='word_1_233' title='bbox 672 3115 740 3147; x_wconf 77' lang='lat' dir='ltr'><strong>ex</strong></span> <span class='ocrx_word' id='word_1_234' title='bbox 775 3110 1026 3149; x_wconf 79' lang='lat' dir='ltr'><strong>notarum</strong></span> <span class='ocrx_word' id='word_1_235' title='bbox 1052 3099 1366 3170; x_wconf 79' lang='lat' dir='ltr'><strong>figurarum</strong></span> <span class='ocrx_word' id='word_1_236' title='bbox 1396 3102 1567 3151; x_wconf 67' lang='lat' dir='ltr'><strong>sinai!-</strong></span> 
     </span>
     <span class='ocr_line' id='line_1_38' title="bbox 582 3166 1569 3221; baseline 0.003 -7"><span class='ocrx_word' id='word_1_237' title='bbox 582 3166 774 3215; x_wconf 70' lang='lat' dir='ltr'><strong>tudine</strong></span> <span class='ocrx_word' id='word_1_238' title='bbox 797 3170 1016 3219; x_wconf 83' lang='lat' dir='ltr'><strong>nomina</strong></span> <span class='ocrx_word' id='word_1_239' title='bbox 1039 3170 1358 3221; x_wconf 77' lang='lat' dir='ltr'><strong>invenerint.</strong></span> <span class='ocrx_word' id='word_1_240' title='bbox 1429 3168 1569 3217; x_wconf 87' lang='lat' dir='ltr'><strong>Gon-</strong></span> 
     </span>
     <span class='ocr_line' id='line_1_39' title="bbox 579 3231 1567 3298; baseline 0.005 -18"><span class='ocrx_word' id='word_1_241' title='bbox 579 3237 673 3281; x_wconf 76' lang='lat' dir='ltr'><strong>tra</strong></span> <span class='ocrx_word' id='word_1_242' title='bbox 701 3231 818 3281; x_wconf 79' lang='lat' dir='ltr'><strong>sine</strong></span> <span class='ocrx_word' id='word_1_243' title='bbox 845 3233 944 3284; x_wconf 85' lang='lat' dir='ltr'><strong>illa</strong></span> <span class='ocrx_word' id='word_1_244' title='bbox 971 3233 1324 3285; x_wconf 85' lang='lat' dir='ltr'><strong>distinctione</strong></span> <span class='ocrx_word' id='word_1_245' title='bbox 1359 3237 1451 3285; x_wconf 82' lang='grc' dir='ltr'><strong>ΙΙΙ.</strong></span> <span class='ocrx_word' id='word_1_246' title='bbox 1482 3238 1567 3298; x_wconf 75' lang='lat'><strong>20,</strong></span> 
     </span>
     <span class='ocr_line' id='line_1_40' title="bbox 581 3298 1566 3369; baseline 0.002 -20"><span class='ocrx_word' id='word_1_247' title='bbox 581 3298 667 3349; x_wconf 82' lang='lat'><strong>51.</strong></span> <span class='ocrx_word' id='word_1_248' title='bbox 693 3298 828 3348; x_wconf 85' lang='lat' dir='ltr'><strong>dixit</strong></span> <span class='ocrx_word' id='word_1_249' title='bbox 852 3304 1057 3353; x_wconf 81' lang='lat' dir='ltr'><strong>relicua</strong></span> <span class='ocrx_word' id='word_1_250' title='bbox 1077 3317 1250 3366; x_wconf 73' lang='lat' dir='ltr'><strong>astra,</strong></span> <span class='ocrx_word' id='word_1_251' title='bbox 1285 3318 1380 3368; x_wconf 87' lang='lat' dir='ltr'><strong>np.</strong></span> <span class='ocrx_word' id='word_1_252' title='bbox 1403 3318 1566 3369; x_wconf 86' lang='lat' dir='ltr'><strong>prae·</strong></span> 
     </span>
     <span class='ocr_line' id='line_1_41' title="bbox 579 3364 1569 3436; baseline 0.006 -23"><span class='ocrx_word' id='word_1_253' title='bbox 579 3371 672 3413; x_wconf 81' lang='lat' dir='ltr'><strong>ter</strong></span> <span class='ocrx_word' id='word_1_254' title='bbox 693 3364 872 3415; x_wconf 87' lang='lat' dir='ltr'><strong>solem</strong></span> <span class='ocrx_word' id='word_1_255' title='bbox 915 3376 970 3417; x_wconf 91' lang='lat' dir='ltr'><strong>et</strong></span> <span class='ocrx_word' id='word_1_256' title='bbox 990 3368 1181 3419; x_wconf 85' lang='lat' dir='ltr'><strong>lunam</strong></span> <span class='ocrx_word' id='word_1_257' title='bbox 1217 3369 1405 3419; x_wconf 83' lang='lat' dir='ltr'><strong>omnia</strong></span> <span class='ocrx_word' id='word_1_258' title='bbox 1429 3386 1569 3436; x_wconf 89' lang='lat' dir='ltr'><strong>pro-</strong></span> 
     </span>
     <span class='ocr_line' id='line_1_42' title="bbox 580 3431 1570 3502; baseline 0.006 -21"><span class='ocrx_word' id='word_1_259' title='bbox 580 3431 812 3485; x_wconf 85' lang='lat' dir='ltr'><strong>miscue.</strong></span> <span class='ocrx_word' id='word_1_260' title='bbox 881 3437 1006 3501; x_wconf 81' lang='lat' dir='ltr'><strong>Ipsa</strong></span> <span class='ocrx_word' id='word_1_261' title='bbox 1045 3438 1246 3502; x_wconf 67' lang='lat' dir='ltr'><strong>poetae</strong></span> <span class='ocrx_word' id='word_1_262' title='bbox 1289 3437 1460 3487; x_wconf 86' lang='lat' dir='ltr'><strong>verba</strong></span> <span class='ocrx_word' id='word_1_263' title='bbox 1482 3454 1570 3487; x_wconf 87' lang='lat' dir='ltr'><strong>re·</strong></span> 
     </span>
     <span class='ocr_line' id='line_1_43' title="bbox 581 3500 1569 3575; baseline 0.009 -25"><span class='ocrx_word' id='word_1_264' title='bbox 581 3500 759 3550; x_wconf 78' lang='lat' dir='ltr'><strong>citans</strong></span> <span class='ocrx_word' id='word_1_265' title='bbox 785 3510 978 3553; x_wconf 82' lang='lat' dir='ltr'><strong>orator</strong></span> <span class='ocrx_word' id='word_1_266' title='bbox 993 3522 1097 3575; x_wconf 79' lang='lat' dir='ltr'><strong>pro</strong></span> <span class='ocrx_word' id='word_1_267' title='bbox 1128 3506 1354 3557; x_wconf 81' lang='lat' dir='ltr'><strong>Plancio</strong></span> <span class='ocrx_word' id='word_1_268' title='bbox 1375 3506 1464 3571; x_wconf 79' lang='lat'><strong>24,</strong></span> <span class='ocrx_word' id='word_1_269' title='bbox 1484 3508 1569 3559; x_wconf 82' lang='lat'><strong>59.</strong></span> 
     </span>
     <span class='ocr_line' id='line_1_44' title="bbox 584 3566 1569 3625; baseline 0.005 -6"><span class='ocrx_word' id='word_1_270' title='bbox 584 3566 771 3619; x_wconf 77' lang='lat' dir='ltr'><strong>addit:</strong></span> <span class='ocrx_word' id='word_1_271' title='bbox 804 3572 998 3623; x_wconf 74' lang='lat' dir='ltr'><strong>Nostis</strong></span> <span class='ocrx_word' id='word_1_272' title='bbox 1030 3586 1140 3625; x_wconf 71' lang='lat' dir='ltr'><strong>eet</strong></span> <span class='ocrx_word' id='word_1_273' title='bbox 1157 3592 1293 3625; x_wconf 82' lang='lat' dir='ltr'><strong>era.</strong></span> <span class='ocrx_word' id='word_1_274' title='bbox 1369 3574 1569 3624; x_wconf 78' lang='lat' dir='ltr'><strong>Contra</strong></span> 
     </span>
     <span class='ocr_line' id='line_1_45' title="bbox 583 3634 1568 3710; baseline 0.008 -23"><span class='ocrx_word' id='word_1_275' title='bbox 583 3634 791 3687; x_wconf 81' lang='lat' dir='ltr'><strong>Plinius</strong></span> <span class='ocrx_word' id='word_1_276' title='bbox 815 3639 907 3691; x_wconf 88' lang='lat'><strong>111.</strong></span> <span class='ocrx_word' id='word_1_277' title='bbox 931 3658 1014 3710; x_wconf 81' lang='lat' dir='ltr'><strong>ep.</strong></span> <span class='ocrx_word' id='word_1_278' title='bbox 1041 3642 1094 3693; x_wconf 87' lang='grc'><strong>9.</strong></span> <span class='ocrx_word' id='word_1_279' title='bbox 1163 3646 1305 3693; x_wconf 69' lang='lat' dir='ltr'><strong>Erat</strong></span> <span class='ocrx_word' id='word_1_280' title='bbox 1347 3643 1408 3693; x_wconf 84' lang='lat' dir='ltr'><strong>in</strong></span> <span class='ocrx_word' id='word_1_281' title='bbox 1445 3662 1568 3695; x_wconf 80' lang='lat' dir='ltr'><strong>con·</strong></span> 
     </span>
     <span class='ocr_line' id='line_1_46' title="bbox 583 3705 1568 3780; baseline 0.004 -20"><span class='ocrx_word' id='word_1_282' title='bbox 583 3705 712 3760; x_wconf 66' lang='lat' dir='ltr'><strong>silio</strong></span> <span class='ocrx_word' id='word_1_283' title='bbox 725 3710 1097 3761; x_wconf 79' lang='lat' dir='ltr'><strong>Sertorianum</strong></span> <span class='ocrx_word' id='word_1_284' title='bbox 1109 3708 1248 3763; x_wconf 75' lang='lat' dir='ltr'><strong>illud</strong></span> <span class='ocrx_word' id='word_1_285' title='bbox 1257 3712 1568 3780; x_wconf 81' lang='lat' dir='ltr'><strong>exemplum,</strong></span> 
     </span>
     <span class='ocr_line' id='line_1_47' title="bbox 582 3777 1573 3846; baseline 0.005 -20"><span class='ocrx_word' id='word_1_286' title='bbox 582 3778 683 3845; x_wconf 80' lang='lat' dir='ltr'><strong>qui</strong></span> <span class='ocrx_word' id='word_1_287' title='bbox 717 3777 1143 3829; x_wconf 74' lang='lat' dir='ltr'><strong>robustissimum</strong></span> <span class='ocrx_word' id='word_1_288' title='bbox 1178 3793 1233 3831; x_wconf 83' lang='lat' dir='ltr'><strong>et</strong></span> <span class='ocrx_word' id='word_1_289' title='bbox 1259 3780 1573 3846; x_wconf 77' lang='lat' dir='ltr'><strong>infirmissi—</strong></span> 
     </span>
     <span class='ocr_line' id='line_1_48' title="bbox 583 3847 1570 3919; baseline 0.003 -22"><span class='ocrx_word' id='word_1_290' title='bbox 583 3862 728 3897; x_wconf 77' lang='lat' dir='ltr'><strong>mum</strong></span> <span class='ocrx_word' id='word_1_291' title='bbox 773 3847 997 3897; x_wconf 68' lang='lat' dir='ltr'><strong>militem</strong></span> <span class='ocrx_word' id='word_1_292' title='bbox 1054 3850 1215 3901; x_wconf 70' lang='lat' dir='ltr'><strong>iussit</strong></span> <span class='ocrx_word' id='word_1_293' title='bbox 1269 3850 1398 3919; x_wconf 82' lang='lat' dir='ltr'><strong>equi</strong></span> <span class='ocrx_word' id='word_1_294' title='bbox 1442 3870 1570 3900; x_wconf 79' lang='lat' dir='ltr'><strong>cau-</strong></span> 
     </span>
     <span class='ocr_line' id='line_1_49' title="bbox 583 3914 1571 3989; baseline 0.006 -26"><span class='ocrx_word' id='word_1_295' title='bbox 583 3914 830 3989; x_wconf 52' lang='lat' dir='ltr'><strong>‹tam—.-</strong></span> <span class='ocrx_word' id='word_1_296' title='bbox 875 3916 1146 3969; x_wconf 83' lang='lat' dir='ltr'><strong>relicua</strong></span> <span class='ocrx_word' id='word_1_297' title='bbox 1177 3920 1350 3983; x_wconf 71' lang='lat' dir='ltr'><strong>nosci,</strong></span> <span class='ocrx_word' id='word_1_298' title='bbox 1387 3916 1571 3984; x_wconf 83' lang='lat' dir='ltr'><strong>respi-</strong></span> 
     </span>
     <span class='ocr_line' id='line_1_50' title="bbox 585 3980 1576 4050; baseline 0.007 -20"><span class='ocrx_word' id='word_1_299' title='bbox 585 3994 737 4030; x_wconf 75' lang='lat' dir='ltr'><strong>ciens</strong></span> <span class='ocrx_word' id='word_1_300' title='bbox 763 3980 962 4050; x_wconf 79' lang='lat' dir='ltr'><strong>quippe</strong></span> <span class='ocrx_word' id='word_1_301' title='bbox 975 3998 1100 4035; x_wconf 89' lang='lat' dir='ltr'><strong>rem</strong></span> <span class='ocrx_word' id='word_1_302' title='bbox 1121 3984 1428 4037; x_wconf 80' lang='lat' dir='ltr'><strong>tantumab</strong></span> <span class='ocrx_word' id='word_1_303' title='bbox 1455 3985 1576 4038; x_wconf 71' lang='lat' dir='ltr'><strong>alio,</strong></span> 
     </span>
     <span class='ocr_line' id='line_1_51' title="bbox 583 4046 1272 4105; baseline 0.012 -8"><span class='ocrx_word' id='word_1_304' title='bbox 583 4046 706 4097; x_wconf 83' lang='lat' dir='ltr'><strong>aliis</strong></span> <span class='ocrx_word' id='word_1_305' title='bbox 728 4049 908 4102; x_wconf 81' lang='lat' dir='ltr'><strong>verbis</strong></span> <span class='ocrx_word' id='word_1_306' title='bbox 935 4062 1272 4105; x_wconf 76' lang='lat' dir='ltr'><strong>enarratam.</strong></span> 
     </span>
    </p>
   </div>
   <div class='ocr_carea' id='block_1_10' title="bbox 651 4114 1567 4193">
    <p class='ocr_par' dir='ltr' id='par_1_10' title="bbox 651 4114 1567 4193">
     <span class='ocr_line' id='line_1_52' title="bbox 651 4114 1567 4193; baseline 0.007 -26"><span class='ocrx_word' id='word_1_307' title='bbox 651 4114 750 4180; x_wconf 82' lang='lat'><strong>47)</strong></span> <span class='ocrx_word' id='word_1_308' title='bbox 788 4122 1044 4189; x_wconf 65' lang='lat' dir='ltr'><strong>Epistula</strong></span> <span class='ocrx_word' id='word_1_309' title='bbox 1069 4136 1174 4189; x_wconf 81' lang='lat' dir='ltr'><strong>pro</strong></span> <span class='ocrx_word' id='word_1_310' title='bbox 1187 4124 1420 4193; x_wconf 69' lang='lat' dir='ltr'><strong>epistola</strong></span> <span class='ocrx_word' id='word_1_311' title='bbox 1433 4136 1567 4174; x_wconf 76' lang='lat' dir='ltr'><strong>con-</strong></span> 
     </span>
    </p>
   </div>
   <div class='ocr_carea' id='block_1_11' title="bbox 1588 1538 2659 1608">
    <p class='ocr_par' dir='ltr' id='par_1_11' title="bbox 1588 1538 2659 1608">
     <span class='ocr_line' id='line_1_53' title="bbox 1588 1538 2659 1608; baseline -0.005 -2"><span class='ocrx_word' id='word_1_312' title='bbox 1588 1540 1781 1608; x_wconf 89' lang='lat' dir='ltr'><strong>Idem</strong></span> <span class='ocrx_word' id='word_1_313' title='bbox 1854 1538 2229 1606; x_wconf 78' lang='lat' dir='ltr'><strong>Iuvenatius</strong></span> <span class='ocrx_word' id='word_1_314' title='bbox 2296 1538 2431 1603; x_wconf 84' lang='lat' dir='ltr'><strong>iam</strong></span> <span class='ocrx_word' id='word_1_315' title='bbox 2494 1558 2659 1601; x_wconf 89' lang='lat' dir='ltr'><strong>mo-</strong></span> 
     </span>
    </p>
   </div>
   <div class='ocr_carea' id='block_1_12' title="bbox 1661 1720 2671 2683">
    <p class='ocr_par' dir='ltr' id='par_1_12' title="bbox 1661 1720 2671 2683">
     <span class='ocr_line' id='line_1_54' title="bbox 1661 1720 2658 1807; baseline -0.004 -28"><span class='ocrx_word' id='word_1_316' title='bbox 1661 1725 1991 1779; x_wconf 81' lang='lat' dir='ltr'><strong>stantissime</strong></span> <span class='ocrx_word' id='word_1_317' title='bbox 2030 1724 2301 1807; x_wconf 78' lang='lat' dir='ltr'><strong>scriptum</strong></span> <span class='ocrx_word' id='word_1_318' title='bbox 2333 1720 2448 1775; x_wconf 81' lang='lat' dir='ltr'><strong>vidi</strong></span> <span class='ocrx_word' id='word_1_319' title='bbox 2494 1720 2558 1773; x_wconf 88' lang='lat' dir='ltr'><strong>in</strong></span> <span class='ocrx_word' id='word_1_320' title='bbox 2596 1741 2658 1775; x_wconf 89' lang='lat' dir='ltr'><strong>o-</strong></span> 
     </span>
     <span class='ocr_line' id='line_1_55' title="bbox 1664 1794 2656 1865; baseline -0.005 -18"><span class='ocrx_word' id='word_1_321' title='bbox 1664 1796 1887 1847; x_wconf 80' lang='lat' dir='ltr'><strong>mnihus</strong></span> <span class='ocrx_word' id='word_1_322' title='bbox 1905 1834 1921 1860; x_wconf 89' lang='lat'><strong>,</strong></span> <span class='ocrx_word' id='word_1_323' title='bbox 1960 1796 2053 1865; x_wconf 84' lang='lat' dir='ltr'><strong>qui</strong></span> <span class='ocrx_word' id='word_1_324' title='bbox 2087 1794 2225 1846; x_wconf 78' lang='lat' dir='ltr'><strong>mihi</strong></span> <span class='ocrx_word' id='word_1_325' title='bbox 2262 1802 2656 1855; x_wconf 83' lang='lat' dir='ltr'><strong>occurrerunt,</strong></span> 
     </span>
     <span class='ocr_line' id='line_1_56' title="bbox 1664 1864 2658 1933; baseline -0.005 -17"><span class='ocrx_word' id='word_1_326' title='bbox 1664 1864 1903 1933; x_wconf 80' lang='lat' dir='ltr'><strong>antiquis</strong></span> <span class='ocrx_word' id='word_1_327' title='bbox 1928 1864 2229 1928; x_wconf 85' lang='lat' dir='ltr'><strong>codicibus,</strong></span> <span class='ocrx_word' id='word_1_328' title='bbox 2264 1876 2501 1930; x_wconf 82' lang='lat' dir='ltr'><strong>eamque</strong></span> <span class='ocrx_word' id='word_1_329' title='bbox 2526 1877 2658 1929; x_wconf 80' lang='lat' dir='ltr'><strong>per-</strong></span> 
     </span>
     <span class='ocr_line' id='line_1_57' title="bbox 1664 1928 2659 2003; baseline -0.003 -19"><span class='ocrx_word' id='word_1_330' title='bbox 1664 1942 1834 2003; x_wconf 86' lang='lat' dir='ltr'><strong>petuo</strong></span> <span class='ocrx_word' id='word_1_331' title='bbox 1894 1933 2231 2001; x_wconf 75' lang='lat' dir='ltr'><strong>scripturam</strong></span> <span class='ocrx_word' id='word_1_332' title='bbox 2286 1930 2349 1981; x_wconf 82' lang='lat' dir='ltr'><strong>in</strong></span> <span class='ocrx_word' id='word_1_333' title='bbox 2409 1928 2659 1981; x_wconf 83' lang='lat' dir='ltr'><strong>editione</strong></span> 
     </span>
     <span class='ocr_line' id='line_1_58' title="bbox 1664 2000 2659 2069; baseline -0.004 -16"><span class='ocrx_word' id='word_1_334' title='bbox 1664 2001 1959 2053; x_wconf 81' lang='lat' dir='ltr'><strong>Frontonis</strong></span> <span class='ocrx_word' id='word_1_335' title='bbox 2014 2000 2283 2069; x_wconf 82' lang='lat' dir='ltr'><strong>expressi:</strong></span> <span class='ocrx_word' id='word_1_336' title='bbox 2352 2014 2522 2066; x_wconf 80' lang='lat' dir='ltr'><strong>quam</strong></span> <span class='ocrx_word' id='word_1_337' title='bbox 2568 2007 2659 2049; x_wconf 84' lang='lat' dir='ltr'><strong>ta-</strong></span> 
     </span>
     <span class='ocr_line' id='line_1_59' title="bbox 1666 2066 2659 2137; baseline -0.004 -16"><span class='ocrx_word' id='word_1_338' title='bbox 1666 2087 1799 2121; x_wconf 85' lang='lat' dir='ltr'><strong>men</strong></span> <span class='ocrx_word' id='word_1_339' title='bbox 1834 2070 2020 2132; x_wconf 78' lang='lat' dir='ltr'><strong>nescio</strong></span> <span class='ocrx_word' id='word_1_340' title='bbox 2064 2086 2173 2137; x_wconf 88' lang='lat' dir='ltr'><strong>quo</strong></span> <span class='ocrx_word' id='word_1_341' title='bbox 2215 2075 2379 2135; x_wconf 84' lang='lat' dir='ltr'><strong>pacto</strong></span> <span class='ocrx_word' id='word_1_342' title='bbox 2411 2066 2659 2133; x_wconf 77' lang='lat' dir='ltr'><strong>scriptor</strong></span> 
     </span>
     <span class='ocr_line' id='line_1_60' title="bbox 1668 2134 2660 2209; baseline -0.005 -19"><span class='ocrx_word' id='word_1_343' title='bbox 1668 2138 1895 2209; x_wconf 82' lang='lat' dir='ltr'><strong>quidam</strong></span> <span class='ocrx_word' id='word_1_344' title='bbox 1956 2140 2262 2189; x_wconf 81' lang='lat' dir='ltr'><strong>Germanus</strong></span> <span class='ocrx_word' id='word_1_345' title='bbox 2314 2134 2660 2203; x_wconf 82' lang='lat' dir='ltr'><strong>improbavit</strong></span> 
     </span>
     <span class='ocr_line' id='line_1_61' title="bbox 1670 2205 2657 2277; baseline -0.005 -17"><span class='ocrx_word' id='word_1_346' title='bbox 1670 2210 1895 2277; x_wconf 79' lang='lat' dir='ltr'><strong>(Leipzi</strong></span> <span class='ocrx_word' id='word_1_347' title='bbox 1894 2228 1993 2277; x_wconf 81' lang='lat' dir='ltr'><strong>ger</strong></span> <span class='ocrx_word' id='word_1_348' title='bbox 2012 2210 2262 2259; x_wconf 70' lang='lat' dir='ltr'><strong>litet-atur</strong></span> <span class='ocrx_word' id='word_1_349' title='bbox 2273 2228 2311 2241; x_wconf 87' lang='lat'><em>-</em></span> <span class='ocrx_word' id='word_1_350' title='bbox 2324 2210 2558 2274; x_wconf 76' lang='lat' dir='ltr'><strong>Zeitung</strong></span> <span class='ocrx_word' id='word_1_351' title='bbox 2574 2205 2657 2256; x_wconf 87' lang='lat'><strong>16.</strong></span> 
     </span>
     <span class='ocr_line' id='line_1_62' title="bbox 1666 2270 2656 2348; baseline -0.007 -18"><span class='ocrx_word' id='word_1_352' title='bbox 1666 2279 1847 2348; x_wconf 80' lang='lat' dir='ltr'><strong>April.</strong></span> <span class='ocrx_word' id='word_1_353' title='bbox 1878 2296 1930 2327; x_wconf 89' lang='lat' dir='ltr'><strong>n.</strong></span> <span class='ocrx_word' id='word_1_354' title='bbox 1962 2276 2046 2329; x_wconf 88' lang='grc'><strong>96.</strong></span> <span class='ocrx_word' id='word_1_355' title='bbox 2067 2296 2125 2347; x_wconf 85' lang='lat' dir='ltr'><strong>P·</strong></span> <span class='ocrx_word' id='word_1_356' title='bbox 2153 2275 2271 2327; x_wconf 73' lang='lat'><strong>762.</strong></span> <span class='ocrx_word' id='word_1_357' title='bbox 2292 2274 2331 2337; x_wconf 92' lang='lat'><strong>).</strong></span> <span class='ocrx_word' id='word_1_358' title='bbox 2368 2270 2474 2321; x_wconf 89' lang='lat' dir='ltr'><strong>Sed</strong></span> <span class='ocrx_word' id='word_1_359' title='bbox 2500 2272 2656 2323; x_wconf 87' lang='lat' dir='ltr'><strong>enim</strong></span> 
     </span>
     <span class='ocr_line' id='line_1_63' title="bbox 1669 2340 2659 2395; baseline -0.004 0"><span class='ocrx_word' id='word_1_360' title='bbox 1669 2344 1867 2395; x_wconf 82' lang='lat' dir='ltr'><strong>eadem</strong></span> <span class='ocrx_word' id='word_1_361' title='bbox 1902 2343 1971 2394; x_wconf 84' lang='lat' dir='ltr'><strong>ab</strong></span> <span class='ocrx_word' id='word_1_362' title='bbox 2001 2340 2217 2393; x_wconf 84' lang='lat' dir='ltr'><strong>erudito</strong></span> <span class='ocrx_word' id='word_1_363' title='bbox 2253 2340 2387 2391; x_wconf 78' lang='lat' dir='ltr'><strong>Italo</strong></span> <span class='ocrx_word' id='word_1_364' title='bbox 2425 2342 2522 2390; x_wconf 63' lang='lat' dir='ltr'><strong>Dte</strong></span> <span class='ocrx_word' id='word_1_365' title='bbox 2548 2342 2659 2392; x_wconf 85' lang='lat' dir='ltr'><strong>La-</strong></span> 
     </span>
     <span class='ocr_line' id='line_1_64' title="bbox 1664 2408 2658 2481; baseline -0.004 -17"><span class='ocrx_word' id='word_1_366' title='bbox 1664 2413 1769 2465; x_wconf 82' lang='lat' dir='ltr'><strong>bus</strong></span> <span class='ocrx_word' id='word_1_367' title='bbox 1800 2410 2073 2481; x_wconf 84' lang='lat' dir='ltr'><strong>congestis</strong></span> <span class='ocrx_word' id='word_1_368' title='bbox 2108 2409 2358 2477; x_wconf 83' lang='lat' dir='ltr'><strong>lapidum</strong></span> <span class='ocrx_word' id='word_1_369' title='bbox 2389 2408 2658 2477; x_wconf 84' lang='lat' dir='ltr'><strong>exemplis</strong></span> 
     </span>
     <span class='ocr_line' id='line_1_65' title="bbox 1664 2478 2658 2544; baseline 0 -13"><span class='ocrx_word' id='word_1_370' title='bbox 1664 2480 1983 2533; x_wconf 84' lang='lat' dir='ltr'><strong>luculenter</strong></span> <span class='ocrx_word' id='word_1_371' title='bbox 2020 2479 2350 2531; x_wconf 75' lang='lat' dir='ltr'><strong>confirmata</strong></span> <span class='ocrx_word' id='word_1_372' title='bbox 2390 2484 2473 2527; x_wconf 84' lang='lat' dir='ltr'><strong>est</strong></span> <span class='ocrx_word' id='word_1_373' title='bbox 2509 2478 2658 2544; x_wconf 85' lang='lat' dir='ltr'><strong>(Bi-</strong></span> 
     </span>
     <span class='ocr_line' id='line_1_66' title="bbox 1667 2546 2671 2618; baseline -0.004 -15"><span class='ocrx_word' id='word_1_374' title='bbox 1667 2552 1899 2603; x_wconf 74' lang='lat' dir='ltr'><strong>blieaeeca</strong></span> <span class='ocrx_word' id='word_1_375' title='bbox 1930 2550 2053 2603; x_wconf 74' lang='lat' dir='ltr'><strong>ital.</strong></span> <span class='ocrx_word' id='word_1_376' title='bbox 2098 2549 2251 2603; x_wconf 86' lang='lat'><strong>1816.</strong></span> <span class='ocrx_word' id='word_1_377' title='bbox 2305 2549 2553 2610; x_wconf 71' lang='lat' dir='ltr'><strong>Seue-mb-</strong></span> <span class='ocrx_word' id='word_1_378' title='bbox 2589 2546 2671 2618; x_wconf 50' lang='lat' dir='ltr'><strong>12ss</strong></span> 
     </span>
     <span class='ocr_line' id='line_1_67' title="bbox 1663 2614 2659 2683; baseline -0.007 -12"><span class='ocrx_word' id='word_1_379' title='bbox 1663 2616 1769 2671; x_wconf 74' lang='lat'><strong>428</strong></span> <span class='ocrx_word' id='word_1_380' title='bbox 1796 2644 1867 2657; x_wconf 88' lang='lat'>—</span> <span class='ocrx_word' id='word_1_381' title='bbox 1892 2616 2074 2683; x_wconf 53' lang='lat'><strong>4290.</strong></span> <span class='ocrx_word' id='word_1_382' title='bbox 2146 2614 2308 2679; x_wconf 88' lang='lat' dir='ltr'><strong>Quod</strong></span> <span class='ocrx_word' id='word_1_383' title='bbox 2347 2630 2480 2666; x_wconf 82' lang='lat' dir='ltr'><strong>vero</strong></span> <span class='ocrx_word' id='word_1_384' title='bbox 2515 2616 2659 2665; x_wconf 89' lang='lat' dir='ltr'><strong>Ger-</strong></span> 
     </span>
    </p>
   </div>
   <div class='ocr_carea' id='block_1_13' title="bbox 1664 2682 2662 4193">
    <p class='ocr_par' dir='ltr' id='par_1_13' title="bbox 1664 2682 2661 3902">
     <span class='ocr_line' id='line_1_68' title="bbox 1666 2682 2637 2751; baseline -0.005 -14"><span class='ocrx_word' id='word_1_385' title='bbox 1666 2702 1863 2737; x_wconf 82' lang='lat' dir='ltr'><strong>manus</strong></span> <span class='ocrx_word' id='word_1_386' title='bbox 1890 2683 2044 2735; x_wconf 88' lang='lat' dir='ltr'><strong>idem</strong></span> <span class='ocrx_word' id='word_1_387' title='bbox 2078 2684 2324 2751; x_wconf 87' lang='lat' dir='ltr'><strong>scriptor</strong></span> <span class='ocrx_word' id='word_1_388' title='bbox 2349 2682 2637 2733; x_wconf 85' lang='lat' dir='ltr'><strong>contendit</strong></span> 
     </span>
     <span class='ocr_line' id='line_1_69' title="bbox 1668 2748 2659 2822; baseline 0 -18"><span class='ocrx_word' id='word_1_389' title='bbox 1668 2754 1799 2822; x_wconf 81' lang='lat' dir='ltr'><strong>quia</strong></span> <span class='ocrx_word' id='word_1_390' title='bbox 1835 2754 2100 2804; x_wconf 83' lang='lat' dir='ltr'><strong>scribitur</strong></span> <span class='ocrx_word' id='word_1_391' title='bbox 2140 2768 2342 2821; x_wconf 78' lang='lat' dir='ltr'><strong>graece</strong></span> <span class='ocrx_word' id='word_1_392' title='bbox 2388 2748 2659 2821; x_wconf 76' lang='grc' dir='ltr'><strong><em>-ἐπιστολη</em></strong></span> 
     </span>
     <span class='ocr_line' id='line_1_70' title="bbox 1664 2820 2660 2890; baseline -0.002 -15"><span class='ocrx_word' id='word_1_393' title='bbox 1664 2823 1879 2875; x_wconf 83' lang='lat' dir='ltr'><strong>idcirco</strong></span> <span class='ocrx_word' id='word_1_394' title='bbox 1919 2820 2217 2873; x_wconf 87' lang='lat' dir='ltr'><strong>dicendum</strong></span> <span class='ocrx_word' id='word_1_395' title='bbox 2256 2820 2427 2871; x_wconf 83' lang='lat' dir='ltr'><strong>latine</strong></span> <span class='ocrx_word' id='word_1_396' title='bbox 2452 2824 2660 2890; x_wconf 76' lang='lat' dir='ltr'><strong>episto-</strong></span> 
     </span>
     <span class='ocr_line' id='line_1_71' title="bbox 1670 2888 2655 2959; baseline 0 -18"><span class='ocrx_word' id='word_1_397' title='bbox 1670 2896 1759 2951; x_wconf 58' lang='grc' dir='ltr'><strong>ἶρις</strong></span> <span class='ocrx_word' id='word_1_398' title='bbox 1802 2890 1861 2941; x_wconf 89' lang='lat' dir='ltr'><strong>id</strong></span> <span class='ocrx_word' id='word_1_399' title='bbox 1888 2906 2111 2959; x_wconf 74' lang='lat' dir='ltr'><strong>quoque</strong></span> <span class='ocrx_word' id='word_1_400' title='bbox 2138 2890 2207 2941; x_wconf 85' lang='lat' dir='ltr'><strong>ab</strong></span> <span class='ocrx_word' id='word_1_401' title='bbox 2244 2888 2356 2939; x_wconf 82' lang='lat' dir='ltr'><strong>alio</strong></span> <span class='ocrx_word' id='word_1_402' title='bbox 2420 2890 2655 2941; x_wconf 87' lang='lat' dir='ltr'><strong>erdocto</strong></span> 
     </span>
     <span class='ocr_line' id='line_1_72' title="bbox 1670 2956 2657 3019; baseline -0.004 -7"><span class='ocrx_word' id='word_1_403' title='bbox 1670 2960 1812 3012; x_wconf 84' lang='lat' dir='ltr'><strong>Italo</strong></span> <span class='ocrx_word' id='word_1_404' title='bbox 1846 2960 2009 3011; x_wconf 85' lang='lat' dir='ltr'><strong>Petro</strong></span> <span class='ocrx_word' id='word_1_405' title='bbox 2050 2958 2285 3019; x_wconf 76' lang='lat' dir='ltr'><strong>[ordano</strong></span> <span class='ocrx_word' id='word_1_406' title='bbox 2310 2973 2373 3008; x_wconf 91' lang='lat' dir='ltr'><strong>re</strong></span> <span class='ocrx_word' id='word_1_407' title='bbox 2402 2956 2496 3008; x_wconf 89' lang='lat' dir='ltr'><strong>elli</strong></span> <span class='ocrx_word' id='word_1_408' title='bbox 2534 2972 2657 3008; x_wconf 87' lang='lat' dir='ltr'><strong>me-</strong></span> 
     </span>
     <span class='ocr_line' id='line_1_73' title="bbox 1668 3024 2661 3097; baseline -0.005 -17"><span class='ocrx_word' id='word_1_409' title='bbox 1668 3029 1841 3093; x_wconf 86' lang='lat' dir='ltr'><strong>mini,</strong></span> <span class='ocrx_word' id='word_1_410' title='bbox 1890 3042 2066 3097; x_wconf 84' lang='lat' dir='ltr'><strong>quum</strong></span> <span class='ocrx_word' id='word_1_411' title='bbox 2105 3025 2387 3079; x_wconf 86' lang='lat' dir='ltr'><strong>verissime</strong></span> <span class='ocrx_word' id='word_1_412' title='bbox 2424 3024 2661 3093; x_wconf 79' lang='lat' dir='ltr'><strong>diceret,</strong></span> 
     </span>
     <span class='ocr_line' id='line_1_74' title="bbox 1664 3094 2661 3163; baseline -0.003 -14"><span class='ocrx_word' id='word_1_413' title='bbox 1664 3098 1885 3149; x_wconf 77' lang='lat' dir='ltr'><strong>&#39;infinita</strong></span> <span class='ocrx_word' id='word_1_414' title='bbox 1901 3094 2178 3147; x_wconf 81' lang='lat' dir='ltr'><strong>vocabula</strong></span> <span class='ocrx_word' id='word_1_415' title='bbox 2218 3110 2422 3163; x_wconf 80' lang='lat' dir='ltr'><strong>graece</strong></span> <span class='ocrx_word' id='word_1_416' title='bbox 2446 3096 2661 3161; x_wconf 77' lang='lat' dir='ltr'><strong>scripta</strong></span> 
     </span>
     <span class='ocr_line' id='line_1_75' title="bbox 1667 3164 2660 3233; baseline -0.003 -16"><span class='ocrx_word' id='word_1_417' title='bbox 1667 3182 1769 3233; x_wconf 85' lang='lat' dir='ltr'><strong>per</strong></span> <span class='ocrx_word' id='word_1_418' title='bbox 1795 3186 1825 3217; x_wconf 89' lang='lat' dir='ltr'><strong>o</strong></span> <span class='ocrx_word' id='word_1_419' title='bbox 1846 3165 2095 3215; x_wconf 87' lang='lat' dir='ltr'><strong>litteram</strong></span> <span class='ocrx_word' id='word_1_420' title='bbox 2116 3164 2365 3229; x_wconf 82' lang='lat' dir='ltr'><strong>brevem,</strong></span> <span class='ocrx_word' id='word_1_421' title='bbox 2387 3164 2535 3231; x_wconf 86' lang='lat' dir='ltr'><strong>apud</strong></span> <span class='ocrx_word' id='word_1_422' title='bbox 2548 3166 2660 3214; x_wconf 87' lang='lat' dir='ltr'><strong>La—</strong></span> 
     </span>
     <span class='ocr_line' id='line_1_76' title="bbox 1665 3232 2659 3301; baseline 0 -18"><span class='ocrx_word' id='word_1_423' title='bbox 1665 3234 1813 3285; x_wconf 85' lang='lat' dir='ltr'><strong>tinos</strong></span> <span class='ocrx_word' id='word_1_424' title='bbox 1847 3248 1952 3300; x_wconf 87' lang='lat' dir='ltr'><strong>per</strong></span> <span class='ocrx_word' id='word_1_425' title='bbox 1986 3253 2022 3284; x_wconf 84' lang='lat' dir='ltr'><strong>u</strong></span> <span class='ocrx_word' id='word_1_426' title='bbox 2058 3232 2275 3297; x_wconf 84' lang='lat' dir='ltr'><strong>efferri,</strong></span> <span class='ocrx_word' id='word_1_427' title='bbox 2315 3232 2465 3301; x_wconf 80' lang='lat' dir='ltr'><strong>quod</strong></span> <span class='ocrx_word' id='word_1_428' title='bbox 2500 3240 2659 3283; x_wconf 84' lang='lat' dir='ltr'><strong>certe</strong></span> 
     </span>
     <span class='ocr_line' id='line_1_77' title="bbox 1664 3300 2656 3353; baseline 0 -1"><span class='ocrx_word' id='word_1_429' title='bbox 1664 3302 1725 3353; x_wconf 85' lang='lat' dir='ltr'><strong>in</strong></span> <span class='ocrx_word' id='word_1_430' title='bbox 1793 3301 2086 3351; x_wconf 85' lang='lat' dir='ltr'><strong>nominum</strong></span> <span class='ocrx_word' id='word_1_431' title='bbox 2167 3300 2656 3353; x_wconf 78' lang='lat' dir='ltr'><strong>terminationibus</strong></span> 
     </span>
     <span class='ocr_line' id='line_1_78' title="bbox 1668 3368 2659 3437; baseline 0 -18"><span class='ocrx_word' id='word_1_432' title='bbox 1668 3368 1938 3419; x_wconf 86' lang='lat' dir='ltr'><strong>sollemne</strong></span> <span class='ocrx_word' id='word_1_433' title='bbox 1968 3376 2074 3419; x_wconf 84' lang='lat' dir='ltr'><strong>est.</strong></span> <span class='ocrx_word' id='word_1_434' title='bbox 2107 3371 2250 3421; x_wconf 70' lang='lat' dir='ltr'><strong>MAI.</strong></span> <span class='ocrx_word' id='word_1_435' title='bbox 2320 3376 2347 3407; x_wconf 86' lang='grc'>*</span> <span class='ocrx_word' id='word_1_436' title='bbox 2367 3372 2487 3420; x_wconf 88' lang='lat' dir='ltr'><strong>Hoc</strong></span> <span class='ocrx_word' id='word_1_437' title='bbox 2507 3386 2659 3437; x_wconf 88' lang='lat' dir='ltr'><strong>quo-</strong></span> 
     </span>
     <span class='ocr_line' id='line_1_79' title="bbox 1668 3437 2658 3574; baseline 0.003 -18"><span class='ocrx_word' id='word_1_438' title='bbox 1668 3437 2277 3574; x_wconf 45' lang='lat'><strong>213055322‘500‘2533.</strong></span> <span class='ocrx_word' id='word_1_439' title='bbox 2311 3439 2386 3557; x_wconf 54' lang='grc' dir='ltr'><strong>Ξ.</strong></span> <span class='ocrx_word' id='word_1_440' title='bbox 2410 3447 2658 3559; x_wconf 57' lang='lat' dir='ltr'><strong>tm:</strong></span> 
     </span>
     <span class='ocr_line' id='line_1_80' title="bbox 1669 3573 2659 3646; baseline -0.001 -18"><span class='ocrx_word' id='word_1_441' title='bbox 1669 3576 1897 3628; x_wconf 79' lang='lat' dir='ltr'><strong>Aeolica</strong></span> <span class='ocrx_word' id='word_1_442' title='bbox 1918 3573 1969 3639; x_wconf 83' lang='lat'><strong>§.</strong></span> <span class='ocrx_word' id='word_1_443' title='bbox 1994 3576 2087 3624; x_wconf 86' lang='lat' dir='ltr'><strong>IX.</strong></span> <span class='ocrx_word' id='word_1_444' title='bbox 2113 3590 2166 3641; x_wconf 89' lang='lat' dir='ltr'><strong>p.</strong></span> <span class='ocrx_word' id='word_1_445' title='bbox 2193 3576 2312 3627; x_wconf 78' lang='lat'><strong>585.</strong></span> <span class='ocrx_word' id='word_1_446' title='bbox 2336 3591 2379 3629; x_wconf 83' lang='grc' dir='ltr'><strong>ε.</strong></span> <span class='ocrx_word' id='word_1_447' title='bbox 2451 3578 2519 3624; x_wconf 87' lang='lat' dir='ltr'><strong>Et</strong></span> <span class='ocrx_word' id='word_1_448' title='bbox 2540 3579 2659 3646; x_wconf 80' lang='lat' dir='ltr'><strong>epi-</strong></span> 
     </span>
     <span class='ocr_line' id='line_1_81' title="bbox 1670 3640 2658 3709; baseline -0.001 -14"><span class='ocrx_word' id='word_1_449' title='bbox 1670 3644 1846 3695; x_wconf 75' lang='lat' dir='ltr'><strong>stulas</strong></span> <span class='ocrx_word' id='word_1_450' title='bbox 1873 3640 2099 3709; x_wconf 84' lang='lat' dir='ltr'><strong>quidem</strong></span> <span class='ocrx_word' id='word_1_451' title='bbox 2128 3642 2338 3692; x_wconf 84' lang='lat' dir='ltr'><strong>dudum</strong></span> <span class='ocrx_word' id='word_1_452' title='bbox 2358 3642 2658 3708; x_wconf 80' lang='lat' dir='ltr'><strong>scripserat</strong></span> 
     </span>
     <span class='ocr_line' id='line_1_82' title="bbox 1672 3710 2660 3783; baseline 0 -21"><span class='ocrx_word' id='word_1_453' title='bbox 1672 3710 1813 3762; x_wconf 86' lang='lat' dir='ltr'><strong>God.</strong></span> <span class='ocrx_word' id='word_1_454' title='bbox 1842 3712 2207 3776; x_wconf 70' lang='lat' dir='ltr'><strong>Hermannm,</strong></span> <span class='ocrx_word' id='word_1_455' title='bbox 2220 3710 2449 3761; x_wconf 78' lang='lat' dir='ltr'><strong>illustris</strong></span> <span class='ocrx_word' id='word_1_456' title='bbox 2468 3728 2660 3783; x_wconf 80' lang='lat' dir='ltr'><strong>gram-</strong></span> 
     </span>
     <span class='ocr_line' id='line_1_83' title="bbox 1670 3778 2658 3842; baseline 0.007 -14"><span class='ocrx_word' id='word_1_457' title='bbox 1670 3779 1909 3829; x_wconf 86' lang='lat' dir='ltr'><strong>maticus</strong></span> <span class='ocrx_word' id='word_1_458' title='bbox 1924 3816 1938 3842; x_wconf 92' lang='lat'><strong>,</strong></span> <span class='ocrx_word' id='word_1_459' title='bbox 2006 3778 2068 3829; x_wconf 83' lang='lat' dir='ltr'><strong>in</strong></span> <span class='ocrx_word' id='word_1_460' title='bbox 2121 3778 2309 3830; x_wconf 67' lang='lat' dir='ltr'><strong>Plauti</strong></span> <span class='ocrx_word' id='word_1_461' title='bbox 2366 3784 2658 3835; x_wconf 77' lang='lat' dir='ltr'><strong>trinummo</strong></span> 
     </span>
     <span class='ocr_line' id='line_1_84' title="bbox 1669 3846 2054 3902; baseline 0 0"><span class='ocrx_word' id='word_1_462' title='bbox 1669 3849 1789 3902; x_wconf 85' lang='lat'><strong>788.</strong></span> <span class='ocrx_word' id='word_1_463' title='bbox 1822 3856 1879 3898; x_wconf 86' lang='lat' dir='ltr'><strong>et</strong></span> <span class='ocrx_word' id='word_1_464' title='bbox 1903 3846 2054 3902; x_wconf 80' lang='lat' dir='ltr'><strong>alibi.</strong></span> 
     </span>
    </p>

    <p class='ocr_par' dir='ltr' id='par_1_14' title="bbox 1666 3914 2662 4193">
     <span class='ocr_line' id='line_1_85' title="bbox 1737 3914 2660 3983; baseline 0 -14"><span class='ocrx_word' id='word_1_465' title='bbox 1737 3914 1841 3981; x_wconf 81' lang='lat'><strong>48)</strong></span> <span class='ocrx_word' id='word_1_466' title='bbox 1876 3914 2019 3968; x_wconf 87' lang='lat' dir='ltr'><strong>Edit.</strong></span> <span class='ocrx_word' id='word_1_467' title='bbox 2064 3916 2235 3983; x_wconf 84' lang='lat' dir='ltr'><strong>Neap.</strong></span> <span class='ocrx_word' id='word_1_468' title='bbox 2273 3915 2408 3967; x_wconf 79' lang='lat' dir='ltr'><strong>anni</strong></span> <span class='ocrx_word' id='word_1_469' title='bbox 2444 3917 2660 3969; x_wconf 80' lang='lat' dir='ltr'><strong>Mucc-</strong></span> 
     </span>
     <span class='ocr_line' id='line_1_86' title="bbox 1667 3983 2655 4055; baseline -0.001 -18"><span class='ocrx_word' id='word_1_470' title='bbox 1667 3986 1913 4037; x_wconf 79' lang='lat' dir='ltr'>LXXIII.</span> <span class='ocrx_word' id='word_1_471' title='bbox 1928 4001 1983 4051; x_wconf 82' lang='lat' dir='ltr'><strong>p.</strong></span> <span class='ocrx_word' id='word_1_472' title='bbox 1994 3983 2078 4037; x_wconf 78' lang='lat'><strong>43.</strong></span> <span class='ocrx_word' id='word_1_473' title='bbox 2097 3988 2242 4055; x_wconf 79' lang='lat' dir='ltr'><strong>quod</strong></span> <span class='ocrx_word' id='word_1_474' title='bbox 2264 3987 2441 4050; x_wconf 78' lang='lat' dir='ltr'><strong>valde,</strong></span> <span class='ocrx_word' id='word_1_475' title='bbox 2452 3985 2655 4055; x_wconf 76' lang='lat' dir='ltr'><strong>inquit,</strong></span> 
     </span>
     <span class='ocr_line' id='line_1_87' title="bbox 1666 4054 2660 4109; baseline 0.003 -4"><span class='ocrx_word' id='word_1_476' title='bbox 1666 4054 1985 4106; x_wconf 74' lang='lat' dir='ltr'><strong>notandum·</strong></span> <span class='ocrx_word' id='word_1_477' title='bbox 2006 4066 2089 4105; x_wconf 71' lang='lat' dir='ltr'><strong>est</strong></span> <span class='ocrx_word' id='word_1_478' title='bbox 2103 4072 2119 4103; x_wconf 90' lang='lat'><strong>.·</strong></span> <span class='ocrx_word' id='word_1_479' title='bbox 2186 4072 2285 4106; x_wconf 79' lang='lat' dir='ltr'><strong>nec</strong></span> <span class='ocrx_word' id='word_1_480' title='bbox 2332 4058 2477 4107; x_wconf 79' lang='lat' dir='ltr'><strong>enim</strong></span> <span class='ocrx_word' id='word_1_481' title='bbox 2522 4056 2660 4109; x_wconf 73' lang='lat' dir='ltr'><strong>alibi</strong></span> 
     </span>
     <span class='ocr_line' id='line_1_88' title="bbox 1668 4121 2662 4193; baseline 0.006 -18"><span class='ocrx_word' id='word_1_482' title='bbox 1668 4123 1832 4175; x_wconf 70' lang='lat' dir='ltr'><strong>huius</strong></span> <span class='ocrx_word' id='word_1_483' title='bbox 1854 4121 2021 4173; x_wconf 77' lang='lat' dir='ltr'><strong>moris</strong></span> <span class='ocrx_word' id='word_1_484' title='bbox 2044 4123 2301 4193; x_wconf 82' lang='lat' dir='ltr'><strong>exempla,</strong></span> <span class='ocrx_word' id='word_1_485' title='bbox 2324 4142 2423 4177; x_wconf 80' lang='lat' dir='ltr'><strong>nec</strong></span> <span class='ocrx_word' id='word_1_486' title='bbox 2444 4126 2505 4177; x_wconf 60' lang='lat' dir='ltr'><strong>in*</strong></span> <span class='ocrx_word' id='word_1_487' title='bbox 2523 4127 2662 4181; x_wconf 79' lang='lat' dir='ltr'><strong>scri-</strong></span> 
     </span>
    </p>
   </div>
  </div>
 </body>
</html>
