2859 4617
566 291 697 364 πα
750 366 761 373 ,
1050 284 1468 355 Anus-Nm
1505 284 1628 355 ET
1669 264 2184 355 Excunsus‘

564 460 694 527 nisi
716 456 889 523 facta
924 457 1005 539 vi]
1022 454 1237 523 solida
1274 454 1508 521 datum
1535 475 1689 523 esse.
1779 452 2002 519 Immo
2039 476 2144 519 res
2177 454 2320 543 ipsa
2361 456 2703 523 manife-

453 600 461 609 .
570 556 699 607 stat
734 554 885 607 ante
922 540 1179 607 Luculli
1206 552 1588 630 praeturam
1637 538 1768 605 hoc
1809 538 2235 603 interdictum
2263 542 2701 625 promiscue

568 628 803 694 datum
830 648 965 691 esse
982 626 1062 691 de
1096 625 1281 689 omni
1312 625 1534 705 visive
1563 624 1771 689 solida
1801 625 1934 687 sive
1965 644 2054 689 ex
2083 642 2422 689 conventu
2453 624 2690 706 facta3

570 724 804 800 postea
846 732 1038 790 vero,
1082 710 1209 773 nisi
1246 720 1359 775 aut
1400 732 1588 775 amia
1633 707 1924 773 adhibita
1955 718 2167 771 essent
2199 719 2316 772 aut
2340 708 2687 775 homines

510 832 517 839 -
568 796 807 859 coacti:
850 816 1009 861 nam
1036 794 1427 880 aequiorum
1445 792 1717 857 demum
1737 792 1902 857 iuris
1933 790 2400 858 consultorum
2431 793 2686 859 laxio-

568 902 645 944 re
668 870 1215 965 interpretatione
1248 870 1625 943 adfectionis
1656 874 1834 941 illius
1874 874 1960 945 de
1990 877 2240 941 coactis
2269 874 2706 943 hominibus-

570 964 898 1029 actionem
924 963 1173 1029 damni
1201 962 1359 1027 dolo
1386 962 1571 1027 malo
1594 958 1788 1049 sacti
1809 971 1924 1027 aut
1949 961 2028 1025 vi
2051 960 2380 1025 bononi-m
2405 976 2675 1049 rapto-

568 1070 728 1115 rum
760 1048 959 1113 etiam
992 1048 1063 1110 in
1100 1068 1317 1111 unum
1358 1045 1718 1122 inermem,
1764 1044 1879 1131 qui
1919 1042 1988 1107 id
2029 1042 2261 1109 fecisse
2301 1044 2666 1121 diceretur,

572 1130 794 1195 datam
836 1153 971 1195 esse
1022 1130 1181 1195 bene
1230 1130 1460 1194 docuit
1503 1128 1827 1198 Savinius.
1910 1127 2190 1215 Ulpiani
2215 1130 2511 1193 autemin
2538 1129 2656 1192 D.

574 1214 640 1282 d.
663 1226 711 1279 t.
728 1214 815 1279 de
828 1216 907 1279 vi
924 1212 1009 1278 fr.
1033 1222 1089 1281 1.
1124 1213 1379 1296 §.8.28.
1408 1212 1868 1278 testimonium
1898 1212 1997 1277 ad
2039 1236 2070 1275 s
2089 1214 2305 1279 olam
2341 1224 2655 1277 atrocem

568 1300 719 1364 vim
758 1300 1113 1384 pertinere
1170 1298 1293 1365 hoc
1348 1298 1784 1365 interdictum
1829 1298 1970 1361 non
2024 1296 2106 1361 de
2168 1296 2666 1383 antiquioribus

569 1382 987 1471 temporibus
1016 1383 1468 1471 accipiendum
1505 1394 1622 1449 est.
1715 1381 1922 1469 [psius
1957 1380 2226 1465 quidem
2251 1404 2408 1447 aevo
2437 1380 2669 1445 dedu-

572 1466 807 1531 ctionis
866 1468 1111 1545 ritum,
1175 1468 1371 1533 inane
1427 1467 1771 1555 quoddam
1834 1463 2270 1533 contentionis
2327 1466 2666 1532 violentae

570 1551 1009 1615 simulacrum
1023 1598 1042 1628 ,
1130 1552 1389 1617 dudum
1443 1552 1864 1637 antiquatum
1919 1574 2054 1615 esse
2097 1572 2240 1615 non
2291 1550 2657 1615 miramur.

570 1634 913 1715 Quamdiu
940 1634 1049 1699 hic
1078 1634 1405 1701 obtineret
1429 1658 1572 1701 non
1605 1636 1768 1701 dum
1794 1634 2073 1701 confuso
2105 1646 2400 1723 utroque
2439 1637 2658 1699 inter-

573 1719 749 1783 dicto
792 1719 909 1785 DE
956 1718 1079 1799 VI,
1139 1719 1331 1785 facile
1371 1722 1780 1809 perspicitur
1819 1720 2162 1805 quomodo
2195 1742 2328 1817 per
2367 1718 2468 1783 M.
2515 1720 2658 1783 Lu·-

570 1801 731 1867 culli
756 1803 1181 1867 interdictum
1208 1803 1412 1869 fuerit
1439 1804 1724 1869 alterum
1748 1803 1913 1869 illud
1960 1804 2290 1890 antiquius
2315 1802 2400 1869 ad
2437 1804 2654 1869 solam

568 1908 776 1983 paene
806 1885 1275 1953 deductionem
1296 1890 1680 1953 restrictum
1693 1935 1714 1969 ,
1753 1887 1903 1953 licet
1929 1890 2008 1953 vi
2033 1888 2362 1955 deiectum
2391 1891 2654 1954 restitui

568 1969 846 2035 iuberet.
933 1970 1273 2048 Quoniam
1309 1994 1470 2037 vero
1517 1974 1612 2039 vis
1653 1994 1739 2037 ex
1787 1984 2116 2039 conventu
2161 1972 2330 2039 facta
2369 1973 2652 2038 solidam

564 2052 711 2117 vim
754 2053 1137 2119 imitabatur
1177 2050 1470 2147 adeoque
1508 2056 1912 2121 deductionis
1941 2058 2112 2123 ritus
2161 2082 2199 2123 e
2235 2058 2570 2123 cotidiana
2597 2062 2652 2125 vi

569 2136 780 2203 solida
814 2150 1000 2203 ortus
1026 2139 1287 2205 videtur
1318 2153 1382 2205 et
1412 2141 1492 2206 ad
1535 2141 1706 2205 hanc
1733 2164 2002 2228 quoque
2029 2142 2456 2207 interdictum
2491 2144 2654 2209 illud

566 2223 705 2285 anti
755 2244 927 2287 uum
967 2226 1369 2309 pertinebatz
1413 2226 1654 2293 idcirco
1684 2238 1892 2306 recte,
1937 2228 2122 2313 quod
2155 2229 2226 2291 in
2253 2250 2330 2293 eo
2365 2229 2650 2307 additur,

430 2284 447 2295 ‘
564 2305 665 2369 IN
773 2306 887 2372 oc
928 2308 1171 2373 ANNo
1220 2308 1388 2409 (Bw
1424 2312 1650 2377 Τιιῑιῑο
1671 2310 1733 2393 g.
1773 2317 1880 2381 44.
1913 2313 2012 2377 ad
2027 2310 2214 2400 fam.
2239 2312 2390 2379 xv.
2422 2338 2531 2401 ep.
2558 2323 2647 2385 16.

566 2388 628 2473 §-
659 2390 748 2477 5.)
792 2390 873 2455 ad
897 2392 1035 2458 vim
1062 2406 1317 2461 utrovis
1342 2397 1553 2461 modo
1577 2394 1822 2460 factam
1849 2394 2178 2463 referetur
2192 2423 2218 2462 z.
2254 2420 2422 2485 quae
2451 2422 2650 2485 prae·-

566 2475 843 2561 seriptio
892 2498 1031 2541 non
1077 2478 1267 2545 video
1303 2503 1423 2545 cur
1463 2478 1812 2545 offenderit
1852 2482 2196 2547 Saviniurn
2284 2531 2300 2547 .
2327 2490 2478 2553 431.
2503 2508 2557 2551 S.
2601 2486 2649 2549 si

564 2558 895 2623 referatur
938 2561 1017 2623 ad
1062 2562 1524 2628 deductionem
1537 2611 1557 2642 ,
1616 2564 2010 2633 sollemnem
2049 2589 2226 2651 quen
2273 2591 2382 2631 am
2431 2568 2652 2633 vindi-

568 2644 841 2708 cationis
882 2654 1124 2707 actum.
1226 2647 1315 2711 Ni
1358 2646 1562 2713 fallor
1601 2648 1992 2717 deductione
2035 2652 2650 2738 interrumpebatur
2762 2676 2764 2687 ·

566 2726 885 2811 usucapio
914 2726 1025 2805 ita,
1064 2739 1141 2793 ut
1164 2730 1241 2808 ei,
1278 2732 1393 2827 qui
1414 2731 1710 2819 aliquem
1739 2734 2117 2801 deduxisset
2144 2736 2452 2802 moribus
2485 2760 2646 2803 usu-

386 2814 397 2821 “
491 2873 495 2881 ,
564 2810 847 2959 pugione
868 2833 1089 2899 prope
1134 2814 1269 2879 iam
1318 2816 1616 2905 impleta,
1660 2840 1801 2882 non
1829 2830 2053 2885 tamen
2078 2818 2327 2887 faveret
2369 2821 2490 2887 lex
2520 2822 2639 2885 XII

600 2918 635 2957 a

681 2894 747 2964 b.
786 2916 991 2981 quam
1035 2920 1453 2985 exponemus
1494 2925 1770 2967 excursu
1821 2902 1906 2967 II.
1993 2904 2402 2971 Deductione
2445 2906 2638 2993 igitur

440 3008 455 3021 ·
564 2980 1041 3079 usurpabatur.
1114 2984 1304 3049 Certe
1332 2986 1534 3051 Gaius
1565 2988 1634 3051 in
1666 3008 1734 3053 π.
1772 2986 1942 3053 XLI.
1969 2998 2032 3058 3.
2064 2988 2150 3053 [Γ.
2179 2994 2239 3059 5.
2272 2990 2460 3071 dicit,
2501 3016 2644 3057 cum-

566 3088 712 3151 quzs
755 3065 841 3131 de
872 3070 1286 3152 possessione
1310 3071 1388 3133 vi
1426 3071 1787 3137 deiiciatur
1801 3120 1820 3152 ‚
1862 3072 1986 3137 hoc
2032 3098 2195 3139 casu
2241 3076 2646 3164 interrumpi

554 3152 1047 3236 possessionem
1105 3154 1432 3219 adversus
1493 3180 1723 3221 omnes
1765 3182 1887 3223 nec
1919 3158 2274 3247 quicquam
2314 3162 2639 3239 interesse,

564 3236 655 3317 is,
697 3237 814 3325 qui
842 3240 1311 3326 usurpaverit,
1358 3239 1674 3315 dominus
1703 3242 1826 3322 sit,
1881 3267 2004 3311 nec
2037 3268 2145 3309 ne.

734 3574 881 3641 Pro
922 3576 1148 3643 Tullio
1191 3572 1249 3660 §.
1282 3584 1344 3647 9.
1378 3600 1447 3646 n.
1477 3586 1556 3651 1..
1589 3580 1966 3662 Cramerus,
2012 3585 2133 3649 Vir
2159 3584 2641 3655 celeberrimus,

560 3659 727 3727 bene
754 3658 1081 3726 intellexit
1104 3666 1307 3731 sciret
1319 3662 1676 3751 legendum
1705 3691 1861 3733 esse.
1905 3666 2030 3734 FR.
2059 3670 2132 3735 G.
2165 3669 2644 3735 WOLFFIUS.

562 3745 915 3831 *Itemque
942 3745 1401 3834 KreyssigiuS‚
1448 3775 1486 3815 a
1511 3774 1648 3837 quo
1678 3776 1745 3841 p.
1775 3760 1922 3829 419.
1953 3754 2268 3823 laudatur
2299 3756 2514 3823 Maius
2547 3756 2627 3819 ed

470 3905 475 3915 ,
562 3830 763 3901 altera
792 3832 881 3898 sie
910 3834 1291 3898 correxisse.

732 3914 828 3981 Ib.
878 3939 943 3998 n.
975 3926 1039 3987 2.
1104 3932 1261 4005 post
1315 3919 1808 3987 HEINRICHII
1861 3945 2112 3989 nomen
2163 3924 2411 3989 insere:
2479 3924 2646 4001 „Sed

563 3998 685 4063 hac
730 4001 1183 4072 emendatione
1217 4004 1405 4070 f'acile
1439 4028 1658 4073 carere
1701 4029 2083 4093 possumUS.
2168 4008 2320 4075 Hoc
2352 4008 2529 4073 enim
2567 4010 2651 4070 ad

564 4085 899 4169 sequentia
938 4085 1174 4155 referri
1215 4089 1438 4172 debet,
1506 4101 1581 4157 et‘
1619 4091 1725 4159 ita
1773 4104 1836 4159 et
1881 4094 1977 4159 sic
2023 4114 2216 4181 saepe
2251 4092 2652 4179 pleonastiee
