2859 4617
636 345 1667 421 ADORPRoMffULHo
1715 346 1912 433 §.rw-
2119 350 2322 417 ‚25⁰

243 518 543 609 erumpit
578 519 702 586 iste
733 460 807 601 in
840 514 1212 584 formulam
1229 561 1247 594 ,
1300 498 1688 586 REDITE
1733 514 1820 583 V
1807 514 2002 583 IAM
2009 558 2030 596 ,
2070 504 2142 580 et
2177 534 2322 582 ecce

240 604 559 683 redeunt,
621 602 929 692 priorem
976 600 1125 689 quis
1174 622 1259 665 ue
1302 596 1532 665 locum
1567 612 1990 687 occupantes.
2043 597 2319 685 ·Ecquis

242 710 402 757 cum
431 688 663 753 Tullio
683 708 826 751 non
862 682 1091 763 rideat,
1184 684 1438 751 omines
1466 706 1623 751 cum
1645 694 1820 749 recte
1843 695 2046 771 atque
2065 685 2144 749 in
2163 684 2317 751 loco

242 773 704 851 constitissent,
744 770 961 836 iuberi
984 768 1184 848 abire,
1227 779 1327 847 ut,
1368 768 1546 832 unde
1577 768 1876 846 abissent,
1919 769 2156 835 eodem
2179 780 2320 835 sta*-

240 857 369 926 tim
392 857 705 923 redirent.
753 850 851 937 [ἲ]
895 854 1137 941 Ecquis
1169 854 1259 949 ita
1284 852 1564 949 indigne.
1585 851 1762 917 ferat
1783 851 2123 920 Ciceronis
2137 854 2321 949 iocos
2353 861 2356 863 ’
2394 860 2406 877 “

243 953 313 1009 et
345 940 641 1019 facetias,
680 938 833 1003 licet
876 960 983 1003 eas
1018 960 1233 1024 gravis
1268 958 1394 1001 vm
1439 959 1797 1024 personam
1845 937 2324 1024 aliquantisper

242 1027 270 1107 [
282 1030 315 1065 *
376 1024 629 1094 nodam
686 1022 895 1087 modo
910 1025 983 1102 *J
1040 1022 1345 1087 dedecere
1388 1020 1571 1085 haud
1607 1020 2018 1102 inficiemur,
2075 1018 2323 1107 quibus

238 1047 541 1175 difficiles
569 1106 716 1173 illas
759 1104 1215 1173 formularum
1244 1126 1456 1191 nugas
1487 1105 1650 1169 risui
1691 1108 2008 1204 exponit,
2051 1118 2132 1203 ut
2171 1127 2324 1171 me·-

236 1193 449 1259 ruisse
482 1192 681 1257 illum
722 1192 1084 1260 arbitretur
1124 1189 1538 1257 virulentum
1579 1190 1666 1255 T.
1693 1188 1976 1256 Marciln
2017 1190 2126 1275 (m
2165 1190 2322 1277 Le'g.

241 1274 376 1341 XII
408 1276 573 1341 Tab.
620 1274 895 1339 Collect.
927 1286 995 1339 et
1019 1272 1381 1360 Interpret.
1404 1272 1638 1359 p.45.)
1665 1275 2324 1361 vituperium,.scurs-
2383 1282 2398 1295 ⁸

160 1425 170 1437 ,
241 1359 469 1425 riliter
528 1358 983 1455 ‘refluentium
1006 1356 1206 1421 illam
1230 1355 1704 1443 formularum
1726 1358 2186 1426 dicentarium
2218 1361 2322 1425 ri·-
2383 1358 2393 1368 ‘

242 1444 411 1511 cisse
503 1444 874 1509 ’κει-σηοω.
936 1434 1073 1524 [ἲ]
1144 1438 1371 1505 Multo
1406 1440 1676 1525 aequius
1717 1440 1800 1505 de
1837 1442 1949 1505 illa
1991 1442 2324 1507 Ciceronis

246 1526 549 1592 oratione
571 1524 849 1603 iudicat,
890 1545 1011 1597 nec
1035 1544 1183 1589 eam
1206 1520 1438 1587 fructu
1463 1544 1592 1587 suo
1621 1524 1933 1604 caruisse,
1977 1526 2144 1611 quin
2171 1526 2327 1591 inde

240 1609 594 1700 paullatim
634 1607 921 1673 ludicras
949 1606 1093 1672 illas
1116 1605 1451 1672 for-mulas
1487 1630 1526 1671 e
1545 1605 1702 1673 foro
1729 1628 1866 1673 esse
1894 1610 2152 1693 proseri
2207 1620 2326 1687 tas,

244 1694 580 1760 existimat
605 1692 659 1758 I.
696 1692 1073 1760 schilterus
1100 1691 1179 1759 in.
1218 1692 1421 1759 Prax.
1445 1690 1585 1757 Iur.
1615 1691 1816 1757 Rom.
1867 1694 2108 1759 Exere.
2209 1692 2326 1761 VI.

243 1778 307 1861 §.
332 1776 517 1844 XIII.
533 1824 554 1857 ,
598 1777 715 1875 qui
740 1775 1108 1841 firmandae
1142 1796 1299 1842 suae
1338 1774 1696 1842 sententiae
1725 1777 2135 1843 coniecturas
2161 1776 2326 1843 sub-

240 1862 477 1927 sternit
500 1884 639 1929 veri
670 1860 1071 1939 simillimas,
1114 1881 1153 1925 e
1198 1858 1588 1925 melioribus
1629 1858 1796 1925 iuris
1835 1860 2326 1943 consultorum,

244 1946 367 2031 qui
412 1944 697 2013 confinia
732 1944 911 2009 illius
952 1943 1091 2009 aevi
1133 1944 1413 2011 vivendo
1457 1942 1540 2007 ad
1573 1944 1596 1989 ‘›
1635 1954 1864 2024 erunt,
1936 1956 2058 2032 aut
2145 1946 2326 2011 aullo
2443 1962 2452 1973 ‘

238 2040 399 2118 post
428 2040 787 2117 coeperunt
814 2026 1247 2106 efflorescere,
1279 2028 1556 2113 ingeniis
1627 2040 1994 2115 epromtas.
2127 2030 2328 2095 uibus

236 2112 433 2181 valde
478 2113 975 2199 patrocinatur,
1034 2111 1221 2195 quod
1256 2113 1954 2197 nemo-scriptorum,
2008 2116 2132 2198 qui
2168 2126 2328 2200 post

242 2218 321 2261 ea
340 2256 353 2270 ,,
370 2196 597 2261 vixere
610 2242 629 2273 ,
687 2194 1027 2259 forensem
1090 2214 1423 2258 manuum
1495 2194 2054 2259 conserenda-um
2114 2199 2326 2265 ritum

140 2330 150 2341 ,
238 2290 501 2362 tangat,
546 2289 611 2341 et
640 2279 759 2363 qui
789 2276 971 2341 solus
1004 2296 1163 2341 eum
1202 2287 1570 2353 memorat,
1611 2287 1961 2364 tamquam
1999 2278 2080 2343 de
2101 2302 2178 2343 re
2205 2302 2328 2345 an-

238 2362 430 2457 tiqua
456 2372 525 2425 et
553 2359 847 2426 obsoleta
896 2369 1389 2425 commentetur
1414 2359 1494 2423 A.
1525 2359 1807 2441 Gellius,
1849 2372 1918 2426 et
1947 2361 2230 2449 denique
2256 2366 2329 2429 in

238 2444 635 2512 Iustmianea
656 2444 887 2530 legum
922 2443 1379 2511 Romanarum
1422 2442 1806 2510 collectione
1834 2445 2102 2513 nullum
2128 2448 2330 2536 plane
2357 2488 2370 2514 ι

234 2528 416 2595 illius
444 2528 786 2626 explorari
811 2537 1011 2613 queat
1037 2528 1470 2613 vestigium.“
1521 2528 1700 2594 Haec
1724 2528 2050 2614 Stegerus,
2075 2554 2110 2596 e
2139 2534 2326 2599 cuius

236 2612 727 2692 dissertatione,
816 2633 941 2677 uae
966 2632 1344 2700 paucorum
1372 2612 1448 2675 in
1475 2612 1786 2677 manibus
1818 2614 1938 2694 sit,
1983 2636 2128 2681 non
2165 2618 2327 2683 alie-

238 2718 412 2761 num
434 2696 779 2762 videbatur
803 2740 805 2743 >
888 2718 961 2761 ec
986 2696 1275 2783 excerpi.
1326 2759 1335 2771 ,
1360 2695 1504 2760 Nos
1531 2697 1740 2761 ritum
1761 2696 1962 2762 illum
1993 2698 2325 2769 Ciceronis

244 2801 407 2844 aevo
430 2780 567 2843 iam
590 2778 855 2862 pridem
902 2780 1323 2865 antiquatum
1352 2780 1716 2846 credimus=
1757 2803 1978 2867 neque
2017 2805 2142 2849 nos
2163 2808 2324 2851 mo·-

241 2873 403 2929 vent
442 2861 693 2947 Stegeri
732 2862 792 2944 §.
820 2861 942 2927 XI.
966 2884 1243 2927 omnem
1282 2862 1466 2930 hunc
1510 2864 1722 2929 ritum
1757 2888 2037 2931 manum
2087 2890 2323 2934 conse-

240 2944 437 3015 rendi
458 2945 540 3009 ad
569 2956 841 3011 certatas
868 2944 1245 3011 fundorum
1266 2948 1710 3033 possessiones
1736 2960 2000 3015 tantum
2026 2951 2324 3017 referen-

241 3033 329 3095 tis
377 3040 802 3115 argumenta,
845 3030 1057 3114 quod,
1124 3032 1381 3115 quoties
1423 3052 1579 3096 eum
1627 3043 1910 3119 tangunt
1949 3037 2322 3123 scriptores,

242 3124 515 3202 ponunt
534 3110 849 3189 fundum,
886 3124 1269 3179 memorant
1302 3115 1583 3199 glebam,
1610 3130 1848 3183 vocant
1867 3129 2066 3184 testes
2083 3145 2322 3208 super-

242 3200 446 3277 stite-⁹,
492 3208 611 3263 aut
637 3206 883 3268 stantes
909 3196 1096 3282 quasi
1127 3220 1332 3284 super
1356 3221 1431 3265 re
1455 3199 1756 3289 litigiosa,
1789 3214 2120 3269 ostentant
2147 3206 2352 3271 iudi--

243 3283 335 3347 cis
362 3294 428 3355 et
452 3280 924 3347 conflicturum
955 3274 1087 3345 iter¹
1103 3281 1175 3347 in
1202 3304 1353 3347 rem
1376 3297 1788 3370 praesentem
1801 3332 1822 3365 ,
1867 3298 1932 3351 et
1957 3290 2158 3377 plura
2185 3291 2324 3355 eius

240 3367 431 3432 modi
450 3365 836 3453 perhibent,
882 3386 1053 3451 quae
1082 3366 1163 3431 ad
1191 3388 1295 3431 res
1320 3367 1604 3436 mobiles
1630 3370 1867 3435 referri
1896 3374 2172 3440 omnino
2201 3398 2325 3441 ne—

244 3461 521 3533 queunt.
560 3450 652 3514 At
673 3470 836 3515 vero
870 3449 1031 3516 haec
1056 3451 1281 3515 omnia
1306 3472 1448 3518 non
1478 3454 1605 3518 nisi
1636 3456 1710 3519 in
1737 3456 1936 3521 unius
1965 3458 2064 3523 rei
2089 3480 2324 3523 exem-

242 3531 366 3619 plo
383 3544 773 3627 ponuntur.
858 3536 1305 3623 Superstitem
1342 3541 1608 3607 vocavit
1637 3551 1872 3607 testem
1894 3543 2093 3608 etiam
2122 3545 2323 3609 Plau-

239 3626 353 3683 tus
374 3636 451 3687 m
476 3626 859 3686 artemon&
1771 3624 1784 3642 ‘

570 3696 773 3767 Nunc
806 3701 979 3767 mihi
1018 3702 1191 3773 licet.
1210 3704 1482 3793 quidvis
1519 3708 1739 3797 loqui,
1803 3734 2004 3777 nemo
2041 3712 2152 3776 hic
2186 3712 2321 3776 ad-

468 3796 476 3803 '
1481 3805 1584 3857 est
1623 3796 1956 3880 superstes
1965 3838 2009 3872 ‚-
2225 3822 2233 3829 ·

233 3866 547 3933 laudatus
581 3864 773 3934 Festo
801 3869 872 3933 in
895 3890 1033 3937 voc.
1122 3870 1341 3941 Etiam
1382 3873 1460 3939 ad
1485 3898 1590 3939 res
1616 3877 1896 3941 mobiles
1928 3878 2320 3965 pertinuisse

233 3951 409 4017 hanc
436 3950 597 4037 legis
630 3953 956 4019 actionem
986 3966 1221 4021 testem
1246 3958 1381 4021 iam
1410 3957 1732 4025 habemus
1743 3960 2008 4039 Gaium,
2037 3963 2224 4027 cuius
2249 3966 2318 4029 in

236 4037 485 4101 institt.
520 4049 877 4104 comment.
920 4036 1036 4107 IV.
1089 4047 1191 4107 16.
1220 4050 1341 4109 47.
1384 4048 1490 4111 94.
1535 4043 1718 4109 locos
1757 4045 2054 4111 classicos
2093 4048 2176 4113 de
2205 4049 2319 4115 lite

231 4120 673 4211 vindiciarum
712 4122 985 4191 uberius
1027 4125 1341 4214 exposuit
1366 4124 1875 4277 Ballhornxiulsil.
1899 4128 1948 4197 1.
1978 4132 2058 4197 de
2095 4134 2318 4200 domi·-

2823 2072 2826 2121 --
2819 2002 2826 2025 Q
2823 1948 2826 1973 -.
2823 1924 2825 1931 .
2823 1812 2826 1909 „—-.-
2819 1752 2826 1797 ῳ
2819 1588 2826 1737 -Δῌῃ
2819 1408 2826 1579 -.ἐ-μμ.-
2819 1296 2826 1387 -um
2815 1110 2826 1261 ,μ-
