2859 4617
657 274 806 435 ω’
912 292 928 311 “
1025 324 2357 401 A.MA11NOVAEED1T10NIS

661 504 1060 593 exemplum
1091 502 1629 569 doctissimorum
1660 500 1991 581 virorum,
2026 502 2153 587 qui
2172 512 2423 569 veteres
2452 514 2757 568 auctores

667 588 1043 657 illustrandi
1090 610 1282 651 causa
1313 587 1575 653 nullam
1612 587 1986 653 molestiam
2034 598 2339 650 recusant
2352 633 2373 667 ,
2454 599 2655 672 atque
2692 587 2759 649 in

671 676 897 741 critice
951 684 1015 737 et
1068 670 1735 739 commentationibus
1790 671 2047 757 largam
2081 692 2358 757 operam
2402 671 2756 735 collocant:

667 756 1092 845 quamquam*
1111 756 1340 820 eadem
1368 778 1559 845 saepe
1584 755 1895 820 dicuntur
1918 778 1958 819 a
1985 754 2236 837 multis,
2282 776 2368 820 ex
2398 775 2535 841 quo
2570 754 2757 819 libris

671 843 897 908 omnia
927 840 1324 907 redundant.

379 986 528 1051 Quid
578 985 639 1038 in
840 981 927 1046 ΙΙ.
1011 980 1099 1045 Et
1137 1003 1370 1047 meum
1458 980 1683 1045 uidem
1716 978 1969 1043 librum
2006 978 2261 1044 Romae
2298 979 2522 1043 statim
2535 1024 2556 1058 ,
2605 990 2756 1042 tum

338 1074 484 1136 ”qm
522 1054 646 1107 ⁶¹³¹-
673 1068 746 1131 in
774 1066 1126 1130 Germam'a
1167 1077 1365 1151 atque
1466 1064 1643 1149 nglia
1678 1062 1751 1148 1)
1794 1062 1999 1127 semel
2040 1064 2289 1127 iterum
2318 1073 2384 1127 et
2407 1063 2605 1127 tertio
2641 1085 2756 1125 re-

229 1212 232 1221 ,
373 1136 656 1245 ῃιῗζῗᾱξψ
677 1171 915 1215 cusum
958 1150 1112 1214 scio.
1212 1149 1340 1213 Sed
1391 1150 1569 1212 enim
1611 1147 1769 1211 haec
1814 1146 2022 1210 Tullii
2063 1147 2330 1231 eiusque
2370 1146 2757 1233 Interpretis

339 1256 850 1329 praestituunllovss
895 1255 1100 1319 opera
1133 1233 1279 1317 quis
1323 1244 1511 1296 extra
1552 1243 1823 1317 septum
1850 1228 2281 1297 bibliothecae
2310 1229 2760 1294 ambrosianae

443 1329 534 1386 sit.
680 1317 1036 1383 collocatus
1063 1314 1342 1380 meliora
1376 1310 1703 1379 effecerit?
1748 1316 1893 1400 quis
1923 1336 2110 1379 voces
2143 1314 2369 1379 dubias
2394 1313 2757 1379 confirma-

674 1396 882 1468 verit?
968 1400 1115 1485 quis
1161 1400 1424 1465 lacunas
1466 1392 1881 1487 expleverit?
1911 1484 1919 1489 .
1959 1398 2107 1493 quis
2156 1398 2396 1461 menda
2435 1398 2757 1484 principis

675 1485 974 1549 editionis
1020 1485 1222 1547 certa'
1249 1484 1635 1547 auctoritate
1681 1476 2065 1546 sustulerit?
2150 1474 2442 1555 Omnino
2498 1502 2758 1545 necesse

673 1580 843 1645 erat,
889 1589 1024 1653 quo
1049 1568 1120 1629 in
1148 1566 1298 1631 loco
1329 1566 1491 1631 haec
1516 1567 1821 1653 primum
1847 1566 2089 1651 scripta
2126 1576 2282 1653 post
2308 1565 2757 1628 diutissimum

669 1652 1016 1716 interitum
1061 1651 1266 1715 vitam
1311 1662 1707 1736 receperunt
1720 1696 1741 1729 ,
1819 1649 2068 1713 ibidem
2128 1670 2397 1734 quoque
2441 1647 2755 1735 expoliri,

670 1734 969 1799 formam
1010 1736 1310 1829 viresque
1355 1732 1776 1811 contrahere,
1830 1732 2152 1829 paulatim
2194 1733 2419 1817 augeri
2452 1754 2523 1797 ac
2552 1731 2756 1797 veluti
2845 1754 2848 1803 ;

673 1818 968 1893 educari,
1007 1828 1074 1881 et
1103 1816 1254 1881 dem
1301 1839 1386 1881 ue
1425 1837 1513 1880 ex
1534 1816 1947 1881 incunabulis
1972 1817 2043 1878 in
2071 1814 2283 1880 solem
2314 1828 2380 1880 et
2404 1815 2755 1903 pulverem

672 1900 1023 1965 litterariae
1087 1901 1283 1995 reipu
1329 1900 1489 1965 licae
1543 1900 1925 1965 robustiora
1997 1900 2362 1964 amandari.
2487 1900 2757 1985 Quippe

671 2004 892 2069 quum
903 1984 1134 2049 omnia
1161 2005 1236 2047 in
1259 1984 1463 2049 unius
1488 1983 1728 2047 codicis
1750 1982 2188 2048 fundamento
2220 1984 2535 2063 nitantur,
2554 1984 2755 2069 quid-
2846 2022 2848 2063 ;

673 2068 837 2154 quid
877 2068 960 2131 ab
1003 2090 1082 2131 eo
1141 2077 1449 2132 remotus
1486 2067 1859 2133 coniectura
1906 2068 2015 2133 vel
2065 2068 2539 2155 sapientissima
2590 2089 2757 2131 con—
2846 2076 2848 2099 ²

673 2163 912 2229 struas,
943 2151 1368 2239 periculosae
1395 2152 1685 2237 plenum
1716 2174 1883 2238 opus
1910 2152 2106 2218 aleae
2126 2164 2387 2218 tractas
2406 2164 2475 2216 et
2494 2151 2755 2217 incedis

660 2257 799 2334 per
833 2238 1028 2322 ignes
1073 2237 1450 2324 suppositos
1498 2236 1712 2301 cineri
1752 2236 1985 2301 doloso
2012 2238 2114 2320 2).
2214 2226 2361 2322 Ego
2390 2248 2756 2334 postquam

671 2342 742 2383 in
776 2319 1126 2385 Tullianos
1163 2320 1627 2407 palimpsestos
1667 2318 1901 2383 lubens
1942 2320 2227 2400 incurri,
2288 2332 2407 2384 etsi
2451 2320 2533 2383 ab
2572 2320 2755 2383 exei-

670 2404 916 2491 piendo
971 2404 1200 2475 omnia
1235 2415 1389 2469 tum
1433 2404 1537 2467 rei
1576 2403 1941 2467 incredibili
1990 2404 2377 2468 difficultate
2415 2415 2567 2467 tum
2608 2402 2755 2489 ipsa

668 2489 996 2573 temporis
1037 2488 1357 2554 brevitate
1395 2486 1819 2565 excludebar,
1860 2499 2085 2551 tamen
2133 2491 2295 2573 quin
2326 2487 2544 2551 statim
2582 2508 2755 2572 quae

2840 1818 2848 2007 4

2846 2124 2849 2276 ι

671 2578 858 2659 erant
889 2572 961 2632 in
1004 2572 1309 2635 manibus
1365 2571 1625 2634 ederem
1643 2617 1663 2649 ,
1684 2571 1965 2635 nullam
2010 2594 2278 2635 moram
2317 2574 2753 2658 interponen-
2844 2588 2846 2665 ἑ

669 2652 827 2715 dam
915 2654 1110 2721 utavi.
1197 2654 1410 2718 Habet
1449 2654 1624 2717 enim
1656 2654 1903 2718 iustam
1938 2656 1962 2717 i
2008 2656 2377 2720 nominiam
2412 2654 2597 2751 quod
2630 2654 2754 2718 ali—
2845 2702 2846 2705 η

672 2756 854 2820 quan
903 2758 942 2798 o
972 2758 1124 2803 cum
1161 2735 1488 2801 celeritate
1510 2736 1831 2802 detexeris
1850 2786 1869 2818 ,
1912 2739 1936 2802 i
1982 2762 2090 2803 em
2131 2762 2287 2804 cum
2318 2738 2560 2803 desidia
2582 2759 2755 2825 sup-

671 2819 986 2905 primere.
1105 2820 1274 2900 Quis
1313 2832 1537 2887 autem
1577 2832 1794 2885 tantae
1828 2823 1925 2886 rei
1966 2846 2091 2887 nos
2128 2824 2496 2887 indormire
2538 2843 2751 2906 aequo

667 2903 894 2968 animo
935 2926 1165 2990 passus
1209 2899 1418 2969 esset?
1502 2904 1699 2969 Nunc
1729 2928 1888 2971 vero
1917 2918 1983 2971 et
2022 2908 2338 2971 exercitio
2362 2918 2428 2971 et
2456 2906 2753 2970 dexteri-

667 2996 801 3050 tate
828 2988 1030 3074 paulo
1071 2988 1406 3053 munitior
1428 2988 1517 3051 ad
1536 2987 1659 3053 hos
1699 2989 1946 3053 iterum
1974 2990 2204 3055 accessi
2232 2990 2601 3079 praeclaros
2630 3013 2752 3053 co-

669 3070 862 3151 dices,
904 3094 1078 3157 quos
1101 3070 1460 3159 incomptis
1490 3073 1821 3159 unguibus
1850 3074 2111 3139 barbari
2134 3096 2498 3170 asperoque
2527 3073 2748 3137 cultro

667 3154 1168 3244 discerpserant.
1251 3156 1487 3222 Novus
1535 3180 1745 3243 porro
1786 3157 1978 3222 labor
2020 3170 2160 3222 tam
2200 3158 2564 3247 optabilem
2600 3158 2750 3221 exi-

664 3248 818 3301 tum
847 3242 1118 3303 sortitus
1151 3253 1248 3305 est
1272 3253 1352 3303 ut
1375 3240 1573 3326 plane
1595 3241 1821 3305 vicerit
1853 3242 2239 3327 opinionem
2264 3261 2507 3305 meam.
2592 3241 2749 3305 Un-

665 3320 866 3405 dique
895 3324 1072 3385 enim
1115 3322 1284 3387 mihi
1322 3323 1765 3411 suppeditavit
1802 3325 1985 3410 quod
2016 3336 2131 3389 aut
2171 3326 2387 3413 priori
2414 3324 2637 3389 libello
2661 3347 2748 3389 ex

649 3483 658 3489 '
736 3487 802 3553 1)
852 3492 975 3541 *M
1017 3488 1244 3543 Tullii
1294 3493 1658 3557 Ciceronis
1757 3490 2360 3571 sollertiamdestituit:
2398 3494 2750 3564 dequocon-

665 3573 760 3607 sex
783 3560 1086 3611 orationum
1093 3556 1422 3639 f'ss‘fgm‘ma
1446 3562 1657 3613 inedita
1758 3576 2050 3629 querimur
2102 3562 2163 3614 in
2211 3571 2401 3619 annot.
2435 3562 2638 3615 ultima
2676 3562 2749 3615 ad
2841 3564 2842 3597 ἶ

667 3642 788 3704 cum
815 3640 1214 3683 commentatus
1257 3630 1659 3697 antiquissimis
1757 3646 2032 3683 comment.
2074 3632 2144 3685 de
2182 3634 2267 3687 ed.
2296 3635 2478 3712 princ.
2517 3632 2746 3685 Mediol.

663 3706 798 3744 nem
839 3696 1080 3747 ineditis.
1169 3695 1420 3759 Invenit,
1473 3716 1655 3750 recen·-
1758 3698 1843 3751 14.
1930 3696 2037 3750 Sed
2077 3705 2270 3751 tamen
2308 3700 2622 3751 incolumes
2660 3700 2746 3750 in·

663 3762 794 3826 suit,
812 3765 960 3813 notis
973 3764 1273 3816 illustravit
1292 3769 1365 3815 A.
1402 3766 1650 3818 Maius.
1756 3766 1979 3819 cessisse
2002 3767 2253 3820 videmus
2296 3768 2435 3819 alios
2458 3785 2561 3837 per
2588 3766 2605 3818 i
2650 3784 2745 3819 nes

661 3834 857 3899 Denup
895 3834 1205 3901 impressum
1227 3832 1473 3897 Londini
1506 3837 1655 3905 apud
1752 3850 1811 3903 p.
1839 3836 1961 3891 229.
1986 3854 2089 3903 δι,
2132 3853 2263 3888 cum
2286 3836 2412 3903 ille,
2457 3835 2555 3907 qui
2626 3837 2746 3888 olo-

643 3900 712 3969 J.
743 3902 1019 3952 Mamman
1045 3903 1449 3954 MnoocXVI.
1752 3918 1815 3957 so
1845 3906 2021 3958 cineri
2046 3913 2429 3974 supposuerat,
2470 3905 2748 3957 semiusti-

641 4030 648 4037 ·
726 3966 794 4031 2)
831 3967 1088 4021 Horatius
1115 3968 1473 4023 od.1ib.11.1.
1507 3970 1649 4029 MAI.
1748 3970 1894 4025 latus
1932 3974 2005 4027 sit
2044 3975 2138 4041 (v.
2172 3990 2232 4053 p.
2270 3975 2388 4029 119.
2426 3990 2469 4027 s.
2515 3974 2641 4029 124:
2666 3988 2711 4027 s.

657 4034 934 4111 *Utique,
984 4037 1032 4089 si
1071 4036 1298 4091 editoris
1335 4037 1394 4089 in
1436 4037 1686 4097 codicis,
1746 4040 1984 4110 ideoque
2034 4040 2281 4095 medicas
2331 4058 2529 4093 manus
2581 4059 2751 4111 expe-

645 4096 979 4181 ·lectuofn’bus
1007 4114 1063 4157 et
1083 4105 1297 4159 lacunis
1323 4106 1644 4160 exhibendis
1746 4117 1903 4161 ctans
1928 4110 1986 4163 in
2015 4131 2091 4165 or.
2116 4131 2223 4183 pro
2254 4112 2435 4165 Tullio
2465 4112 2511 4181 §-
2548 4112 2631 4166 18.
2656 4128 2747 4181 pr.

641 4174 860 4223 incuria
890 4173 1310 4241 ingeniosorum
1347 4174 1641 4229 hominum
1744 4180 1931 4235 sedeat
1973 4184 2148 4234 oram.
