2859 4617
710 226 1592 377 'PRAsFATio
1820 268 1829 273 “
2132 308 2231 361 ιν

145 472 244 551 nas
267 454 410 543 spei
438 452 686 534 incidit,
731 476 903 542 quae
928 456 1062 520 iam
1089 476 1232 522 non
1257 448 1547 543 possunt
1566 454 1843 523 renasci.
1922 454 2237 529 Profecto

45 618 55 634 ,
145 558 300 603 emm
349 561 592 635 magna
651 561 808 625 pars
854 540 1188 607 Ciceronis
1241 538 1611 629 procellam
1664 540 2001 612 barbariae
2050 546 2236 615 ferre

142 641 264 687 non
292 634 548 711 potuit.

283 774 373 837 V.
460 774 655 839 Unus
699 787 1051 863 supererat
1089 773 1316 857 labor,
1377 773 1651 843 eruditis
1688 784 1953 851 nostrae
2000 778 2223 851 aetatis
2240 792 2519 849 codicum

128 853 510 951 bominibus
539 870 620 921 ut
651 882 850 947 spero
877 860 1312 947 gratissimus,
1336 859 1642 925 codicum
1672 858 1919 925 scilicet
1946 861 2231 929 ambro-
2246 863 2525 946 ciceron-is

123 961 484 1025 manorum,
573 940 768 1007 uibus
795 966 1001 1032 opera
1026 942 1233 1009 Tullii
1253 945 1697 1027 continentur,
1714 943 2073 1032 perspicua
2099 945 2221 1011 de-
2238 933 2551 986 ambrona-

123 1026 412 1113 scriptio.
497 964 586 1091 ἓῐ.
628 1027 839 1093 Tullii
887 1028 1156 1115 quidem
1192 1028 1561 1094 rationibus
1605 1042 2012 1116 magnopere
2040 1015 2548 1123 pro-mx]

117 1104 352 1173 fuisset
419 1109 796 1197 diligentem
867 1119 1178 1179 omnium
1243 1113 1370 1177 scri
1419 1124 1655 1178 torum
1723 1110 2213 1181 vocabulorum
2252 1136 2478 1208 talogus
2539 1135 2549 1144 ’·

118 1212 278 1257 cum
313 1192 499 1258 editis
537 1194 962 1271 collationem
995 1196 1273 1263 institui.
1417 1208 1577 1285 tque
1605 1197 1699 1263 ita
1738 1219 1852 1261 me
1879 1196 2207 1269 admone-
2267 1205 2467 1262 edium.

114 1274 278 1349 bant
330 1288 728 1343 cunctorum
786 1303 1094 1347 sermone
1149 1279 1508 1346 celebratae
1552 1302 1749 1347 curae
1806 1280 2209 1371 Hieronymi

108 1358 626 1447 Lagomarsinii,
683 1363 802 1446 qui
847 1362 928 1427 de
967 1362 1340 1429 florentinis
1387 1363 1555 1429 olim
1596 1362 1930 1431 codicibus
1981 1367 2210 1435 maxi-

107 1464 304 1507 mam
331 1462 615 1505 messem
635 1444 976 1531 variarum
1011 1444 1376 1519 lectionum
1405 1447 1749 1531 excerpsit.
1834 1446 1964 1511 Sed
1994 1469 2212 1535 neque
2242 1489 2255 1495 -

103 1548 306 1591 meae
341 1524 512 1589 vires
554 1525 691 1588 eius
723 1524 967 1589 laboris
1010 1527 1397 1611 gravitatem
1436 1538 1712 1613 possent
1739 1529 2063 1593 sustinere
2076 1574 2101 1607 ,
2144 1542 2212 1595 et

107 1608 642 1697 occupationum
661 1608 876 1690 ‚etiam
915 1609 1335 1673 excusatione
1375 1620 1562 1673 utor.
1646 1608 1815 1672 Satis
1852 1610 2079 1693 itaque
2102 1613 2209 1677 vi-

107 1715 269 1757 sum
302 1702 398 1755 est
437 1690 910 1757 Tullianorum
933 1691 1371 1757 bibliothecae
1412 1690 1865 1757 ambrosianae
1898 1691 2206 1759 codicum

108 1788 381 1853 notam,
431 1774 724 1859 itemque
753 1776 1102 1840 materiam
1133 1776 1267 1841 sive
1307 1775 1807 1840 membraneam
1839 1774 1979 1842 sive
2009 1774 2205 1841 char-

110 1871 364 1943 taceam
381 1903 401 1936 ‚
476 1870 626 1922 tum
679 1860 1207 1944 magnitudinem
1249 1870 1451 2005 atflue
1502 1869 1815 1937 aetatem,
1881 1859 2207 1948 quodque

110 1941 395 2031 plurimi
430 1940 671 2021 refert,
755 1943 1006 2030 scripta
1047 1942 1120 2006 in
1171 1942 1250 2006 iis
1357 1940 1501 2007 ullii
1551 1965 1757 2031 opera
1786 1943 1996 2008 modo
2040 1966 2199 2010 cum

111 2025 376 2090 scholiis
405 2024 609 2090 modo
633 2046 814 2090 secus
831 2071 852 2104 ,
894 2048 1016 2089 nec
1044 2048 1182 2091 non
1213 2024 1372 2111 quid
1418 2025 1536 2090 uid
1564 2028 1645 2090 ad
1681 2025 1993 2091 eumdem
2018 2026 2197 2093 Tul-

111 2109 286 2173 lium
314 2119 666 2194 spectaret,
709 2108 1004 2194 diligenti
1031 2109 1324 2199 catalogo
1352 2112 1394 2177 5
1476 2131 1829 2174 recensere.
1891 2108 2043 2174 Erit
2072 2132 2213 2176 au-

107 2204 252 2263 tem
306 2191 586 2256 fortasse
635 2202 902 2279 tempus
991 2214 1079 2257 uo
1128 2192 1363 2278 aliquis
1466 2204 1753 2257 raestans
1802 2190 2194 2279 philologus

107 2276 492 2364 plurimum
536 2273 834 2354 conferet
857 2274 927 2338 in
1019 2274 1260 2340 ullium
1301 2285 1411 2339 stu
1466 2274 1507 2338 ‘i
1523 2319 1545 2352 ,
1602 2296 1980 2359 novamque
2023 2296 2065 2339 o
2121 2300 2194 2340 e-

108 2382 258 2425 ram
276 2404 299 2437 ,
343 2369 410 2421 et
431 2358 907 2422 accuratiorem
947 2358 1240 2423 criticam
1268 2356 1669 2419 facultatem.
1753 2358 1971 2440 Atque
1996 2358 2050 2421 is
2068 2300 2194 2421 {le-

107 2464 313 2507 mum
344 2442 623 2536 gratiam
648 2441 838 2505 nobis
865 2439 1154 2521 habebit,
1197 2440 1314 2525 qui
1335 2439 1635 2503 Ciceroni
1666 2438 2048 2504 adornando
2074 2462 2194 2503 co-

105 2526 514 2614 piosissimas
557 2546 716 2623 opes
755 2524 1009 2589 intento
1052 2524 1258 2609 digito
1308 2522 1924 2588 demonstravimus.
2008 2522 2195 2603 Quin
2302 2546 2311 2567 ·

109 2612 274 2675 adeo
317 2608 510 2672 labor
552 2606 662 2671 hic
691 2618 918 2672 noster
949 2606 1328 2671 multorum
1370 2605 1651 2672 fortasse
1687 2606 2080 2671 industriam
2111 2606 2195 2670 ad

110 2691 515 2778 evulgandos
557 2712 728 2776 quos
763 2690 1008 2755 habent
1048 2691 1300 2757 codices
1337 2690 1666 2755 excitabit.
1751 2690 1925 2755 Nam
1966 2713 2086 2755 nec
2110 2690 2193 2753 ab

110 2776 230 2842 ista
251 2773 758 2839 tractandorum
785 2774 1094 2838 codicum
1115 2773 1309 2839 laude
1390 2796 1621 2837 rorsus
1646 2772 1794 2837 Itali
1816 2775 2080 2855 absunt,
2124 2784 2189 2839 et

109 2859 536 2927 eruditorum
566 2857 922 2924 commoda
949 2857 1204 2925 mutuis
1234 2880 1276 2921 o
1396 2856 1435 2871 ‘⁶
1502 2857 1978 2943 gubernantur.

277 3006 398 3075 VI.
481 3006 571 3074 Et
612 3008 934 3094 quoniam
977 3028 1091 3072 me
1121 3005 1258 3072 huc
1296 3006 1613 3095 provexit
1656 3006 1873 3071 oratio
1887 3051 1910 3085 ,
1973 3003 2191 3069 fateor
2209 3007 2488 3087 mitione·

109 3118 220 3161 me
252 3118 292 3159 a
320 3090 660 3159 nonnullis
705 3112 824 3155 seu.
850 3110 1240 3177 graecorum
1280 3108 1404 3153 seu.
1426 3086 1797 3153 latinorum
1836 3098 2191 3153 auctorum
2218 3078 2290 3129 ad
2314 3082 2519 3192 '‘1¹35‘'

111 3177 510 3245 editionibus
551 3176 888 3260 ingentem
929 3174 1176 3262 cepisse
1213 3171 1540 3237 dolorem.
1624 3170 1841 3235 Nimis
1874 3169 2012 3233 heu
2041 3169 2195 3255 qui-
2209 3154 2345 3267 2222
2356 3158 2517 3263 ξιξ

113 3264 276 3328 dam
303 3262 506 3327 critici
533 3258 897 3325 temerariis
921 3254 1449 3345 castigationibus
1471 3252 1910 3332 indulserunt,
1951 3253 2021 3317 in
2099 3274 2227 3316 uo-
2236 3280 2451 3354 gend„

109 3349 278 3413 vitio
303 3344 474 3409 nihil
496 3343 656 3407 mali
677 3365 817 3407 non
844 3342 1035 3408 inest.
1121 3340 1443 3421 Quamvis
1473 3338 1650 3403 enim
1672 3334 1833 3402 haec
1860 3348 1926 3401 et
1947 3335 2059 3401 illa
2116 3360 2189 3401 e-
2281 3357 2428 3404 aunt.

111 3432 245 3495 ctio
285 3450 426 3494 non
485 3427 734 3513 placeat
750 3475 770 3507 ,
839 3424 1068 3491 tamen
1111 3434 1344 3490 contra
1385 3422 1687 3488 codicum
1731 3421 2189 3487 auctoritatem

112 3535 412 3603 pugnare
436 3516 552 3576 vix
579 3510 748 3575 licet.
809 3508 926 3573 Isti
950 3509 1217 3574 interim
1241 3530 1374 3607 pro
1445 3506 1683 3572 loriola
1711 3526 1965 3591 suaque
1987 3527 2188 3594 prae-

115 3598 284 3664 senti
321 3594 587 3659 libidine
611 3593 869 3657 nullam
898 3594 1301 3679 posteritatis
1329 3590 1417 3655 ha
1464 3613 1619 3655 uere
1640 3589 1991 3655 rationem.
2050 3588 2189 3653 Ita-

115 3703 247 3767 que
278 3691 344 3745 et
371 3678 578 3742 libros
617 3675 998 3763 spuriarum
1045 3676 1368 3764 pravitate
1398 3674 1758 3739 lectionum
1800 3672 2191 3747 infecerunt,

118 3777 182 3830 et
210 3764 506 3830 criticam
543 3770 751 3823 artem
781 3758 1104 3827 ,omnibus
1143 3756 1403 3845 flagitiis
1431 3758 2105 3847 contaminaverunt&
2127 3762 2195 3815 et

120 3871 224 3915 eas
249 3846 569 3913 editiones
611 3852 1038 3923 curaverunt,
1079 3863 1242 3928 quas
1284 3862 1485 3907 nemo
1520 3860 1717 3904 sanus
1746 3838 2035 3927 aspicere
2058 3854 2197 3899 sine

191 4048 260 4114 5)
296 4044 513 4098 *Huius
542 4041 840 4101 utilimumi
865 4056 1000 4095 sane
1028 4057 1120 4095 ea·
1219 4042 1344 4097 621.
1370 4066 1439 4097 ,—
1462 4036 1617 4107 645.)
1653 4035 1913 4114 notitiam
1952 4043 2107 4091 certe
2149 4052 2210 4091 o-

123 4115 300 4187 talogi
339 4113 429 4183 (in
459 4112 545 4169 ed.
571 4113 794 4168 Halensi
821 4111 1043 4183 repetiti
1065 4128 1122 4182 p.
1197 4110 1453 4163 'mittere
1489 4106 1662 4164 nolui.
