2859 4617
669 371 904 427 mrv
961 348 978 361 ’
1157 349 1687 420 PRINCIPIS
1727 340 2281 423 EDITIONIS

607 496 612 503 ’
673 522 1050 593 ordinatam
1089 521 1322 602 huius,
1367 520 1449 587 «ιο
1478 542 1615 610 quo
1646 520 1935 610 agimus3
1976 522 2391 611 palimpsesti
2419 523 2792 589 materiam
2839 502 2840 507 '

677 610 934 677 elucere
990 608 1296 672 nondum
1345 628 1453 671 res
1506 619 1787 694 poterat.
1872 609 2068 672 Nunc
2116 630 2275 673 vero
2326 628 2543 694 quum
2584 619 2789 673 tanta

677 716 844 783 pars
887 692 1348 788 commentarii
1383 692 1457 755 in
1498 692 1840 789 publicam
1855 776 1867 789 .
1882 691 2103 756 lucem
2132 692 2471 757 emerserit
2484 735 2504 770 ,
2546 714 2789 777 quan-
2839 746 2840 785 ᾖ

677 792 822 845 tam
859 798 946 841 ne
981 786 1372 863 praeteritae
1417 778 1687 861 quidem
1720 774 2032 840 edmones
2064 776 2453 863 complexae
2476 772 2783 853 fuerant,
2839 798 2840 845 1

679 882 768 927 ex
791 872 1090 925 accurata
1120 860 1483 957 utriusque
1494 861 1713 946 operis
1744 858 2091 925 collatione
2107 906 2129 939 ,
2172 860 2255 924 de
2294 882 2453 926 vero
2496 872 2783 925 auctore

677 945 912 1014 inediti
935 944 1396 1008 commentarii
1419 945 1573 1007 satis
1596 943 2033 1030 probabiliter
2058 944 2423 1009 coniectare
2442 944 2574 1007 iam
2598 968 2779 1031 pos-

679 1051 860 1096 sum.
946 1028 1376 1093 Coniecturae
1403 1039 1629 1091 autem
1660 1049 1847 1091 meae
1873 1026 2033 1091 haec
2063 1026 2205 1093 fere
2228 1027 2441 1116 capita
2466 1040 2651 1093 sunt.

851 1138 920 1198 1.
999 1128 1409 1193 Elocutionis
1461 1139 1525 1191 et
1556 1127 1686 1191 stili
1716 1148 1919 1225 genus
1952 1128 2125 1226 mih-i·
2148 1151 2426 1217 prorsus
2458 1128 2643 1193 idem
2671 1132 2778 1197 vi·-
2826 1129 2840 1206 ,Ἰ

679 1214 876 1280 detur
920 1215 992 1277 in
1023 1214 1241 1281 codice
1265 1213 1514 1277 inedito
1545 1223 1743 1299 atque
1765 1231 1834 1275 m
1866 1212 2130 1277 Ascomi
2164 1214 2583 1293 editionibus,
2630 1238 2776 1301 pu-
2825 1211 2840 1293 ’Ἴ

677 1320 840 1364 rum
879 1297 1178 1365 videlicet
1225 1296 1616 1381 utrobique,
1673 1298 2012 1389 pressum,
2071 1297 2395 1384 simplex,
2452 1297 2773 1378 nitidum,

679 1382 968 1469 elegans,
1015 1392 1078 1445 et
1102 1392 1402 1466 argentea
1425 1381 1640 1443 immo
1672 1396 1867 1444 aurea
1894 1392 2099 1446 aetate
2122 1381 2610 1467 dignissimum.

855 1475 919 1534 2.
1006 1464 1364 1530 Methodus
1413 1464 1555 1551 ipsa
1607 1476 1673 1528 et
1715 1466 1989 1529 materia
2032 1466 2493 1531 commentarii
2538 1466 2773 1531 eadem

679 1562 778 1624 est
833 1551 909 1614 in
961 1550 1180 1613 codice
1226 1548 1471 1613 inedito
1516 1560 1715 1633 atque
1759 1549 1833 1611 in
1870 1549 2135 1613 Asconii
2176 1548 2359 1613 libris
2402 1551 2498 1614 im
2553 1555 2771 1614 ressiS.
2838 1600 2840 1607 ¹

678 1634 1062 1721 Utrobique
1113 1633 1442 1721 siquidem
1486 1632 1929 1719 praeponitur
1972 1644 2446 1719 argumentum
2538 1635 2773 1698 istori-

679 1742 839 1787 cum
897 1729 961 1784 et
997 1718 1148 1782 satis
1189 1716 1536 1782 eruditum
1576 1716 1927 1780 Tullianae
1964 1718 2315 1781 orationis..
2386 1716 2773 1803 Utrobique

679 1807 854 1868 mira
903 1802 1370 1889 perspicuitate
1411 1812 1475 1863 et
1517 1800 1834 1864 brevitate
1864 1798 1995 1864 loci
2024 1801 2287 1865 obscuri
2317 1800 2768 1881 enucleantur,
2838 1856 2840 1867 Α

678 1906 908 1951 sensus
948 1884 1360 1971 grammatici
1405 1884 1797 1971 aperiuntur
1811 1932 1829 1963 ‚
1874 1884 2153 1950 historia
2187 1896 2581 1974 temporum
2616 1898 2769 1950 tan-

679 1969 896 2057 gitur,
937 1967 1318 2033 multorum
1349 1966 1709 2032 hominum
1734 1969 1906 2031 vitae
1936 1976 2001 2034 et
2028 1990 2339 2033 munera:
2385 1982 2538 2034 tum
2571 1970 2766 2056 lcgeS,

677 2074 934 2129 mores,
995 2051 1500 2116 consuetudines
1540 2053 1930 2138 praesertim
1960 2053 2244 2119 urbanae
2273 2064 2339 2119 et
2364 2054 2769 2119 iudiciorum
2839 2078 2840 2085 ¹

673 2147 1006 2228 perpetuo
1039 2134 1519 2201 describuntur.

849 2229 910 2290 8.
996 2218 1176 2285 Tam
1221 2242 1306 2287 ex
1345 2220 1520 2285 edito
1554 2222 1840 2288 Asconio
1882 2244 2087 2309 quam
2127 2245 2213 2289 ex
2261 2223 2481 2288 codice
2522 2222 2768 2287 inedito
2838 2282 2840 2287 .

678 2314 990 2395 apparet,
1035 2316 1376 2371 auctorem
1398 2308 1855 2372 commentarii
1881 2309 2325 2395 posteriorem
2397 2304 2621 2371 uidem
2651 2308 2768 2371 ali-

678 2402 932 2479 quanto
975 2412 1111 2455 esse
1147 2390 1296 2478 ipso
1345 2390 1689 2472 Cicerone,
1744 2392 1858 2457 sed
1902 2392 2085 2458 brevi
2128 2393 2379 2457 interve
2434 2415 2497 2457 0.
2584 2393 2767 2455 Adeo

675 2475 894 2541 multa
937 2474 1008 2539 in
1039 2484 1334 2561 utroque
1375 2474 1620 2572 scripto
1666 2488 2028 2543 narrantur
2074 2492 2189 2540 seu
2230 2476 2489 2541 minuta
2516 2498 2635 2539 seu
2658 2499 2769 2540 re·-
2838 2518 2840 2551 ÷

679 2559 977 2637 condita,
1041 2580 1211 2645 quae
1249 2580 1517 2623 nonnisi
1555 2558 1637 2623 ab
1680 2582 1793 2649 eo,
1836 2560 1954 2647 qui
1990 2560 2071 2627 iis
2112 2558 2311 2647 rebus
2352 2570 2559 2625 aetate
2605 2572 2770 2624 esset
2838 2554 2840 2557 ⁴

677 2641 1042 2731 proximus
1063 2686 1082 2717 ,
1125 2642 1350 2707 resciri
1355 2643 1777 2790 lpotuissent.

849 2732 914 2798 4,
993 2724 1148 2790 Mos
1209 2736 1306 2791 est

677 2808 886 2899 paulo
925 2820 1074 2873 ante
1105 2832 1142 2873 a
1168 2832 1236 2874 se
1267 2810 1452 2875 dicta.
1536 2810 1942 2901 Idem'saepe
2004 2815 2129 2879 acit
2152 2826 2380 2879 noster
2410 2812 2768 2899 Inter-pres·

850 2896 914 2963 5.
998 2894 1099 2959 Ad
1126 2894 1500 2959 orationem
1532 2897 1607 2961 in
1644 2897 2011 2981 Vatinium
2038 2898 2155 2963 IX.
2182 2903 2241 2967 6.
2272 2898 2513 2963 indicat
2542 2897 2771 2959 omni-

679 3000 772 3045 no
816 2978 1149 3066 Interpres
1191 2998 1260 3043 se
1305 2979 1637 3065 scripsisse
1666 2982 1738 3045 in
1767 2981 2137 3048 orationem
2173 3005 2342 3069 quae
2370 2979 2541 3045 hanc
2567 3003 2773 3067 prae-
2838 2992 2840 3001 ⁴

679 3064 969 3138 cederet,
1023 3084 1266 3151 nempe
1309 3063 1382 3127 in
1421 3064 1858 3145 Sextianam,
1913 3090 2107 3152 quae,
2169 3067 2255 3133 ob
2294 3067 2511 3154 ipsam
2552 3076 2772 3129 mate·
2838 3102 2840 3151 ἦ

677 3148 873 3227 riam,
926 3146 1012 3213 V
1003 3149 1360 3213 atinicmae
1432 3152 1839 3237 raeponitur.
1895 3150 2038 3215 Iam
2071 3174 2227 3215 vero
2304 3161 2529 3215 utatur
2554 3149 2769 3214 Asco-
2835 3154 2840 3189 ·'

677 3234 828 3326 nius
865 3242 1350 3296 commentatus
1413 3232 1591 3297 'uisse
1628 3236 1699 3300 in
1734 3258 1964 3300 omncs
1990 3258 2211 3323 prope
2293 3233 2571 3319 ieci-onis
2608 3256 2769 3299 ora-

675 3325 908 3379 tiones.
1212 3386 1220 3393 ,

851 3406 909 3463 6.
994 3396 1075 3461 In
1101 3396 1344 3461 codicis
1369 3398 1845 3465 commentario
1872 3402 1953 3465 ad
1982 3403 2355 3467 orationem
2372 3426 2514 3491 pro
2541 3400 2772 3466 Pla-n-

681 3480 786 3547 cio
819 3479 1001 3544 XIV-
1027 3488 1086 3547 4.
1119 3483 1617 3578 satis-significat
1646 3483 1791 3549 Inte
1879 3510 1982 3551 res
2024 3510 2091 3551 se
2122 3486 2367 3551 multas
2392 3482 2619 3551 Tullii
2659 3485 2772 3549 fa-

621 3624 627 3631 .
683 3564 879 3629 cetias
915 3564 990 3629 in
1028 3566 1325 3632 Verrims
1355 3570 1693 3655 agnovisse
1723 3579 1805 3639 24
1854 3620 1869 3635 .
1952 3572 2143 3639 ,Tum
2176 3570 2257 3635 ad
2287 3571 2658 3635 orationem
2694 3573 2771 3635 in
2839 3616 2840 3623 κ

2839 3662 2840 3687 1

1413 2729 1621 2791 sconii
1675 2727 1825 2793 satis
1870 2728 2179 2879 fressuens
2226 2725 2637 2817 provocandi
2690 2728 2771 2791 ad
2839 2760 2840 2767 2

700 3842 706 3851 .
748 3793 847 3867 24)
883 3799 1104 3855 *Immo
1134 3800 1272 3854 dicit
1296 3802 1366 3856 de
1379 3782 1677 3858 Cicerone:
1776 3811 2221 3859 commentatum
2262 3788 2497 3877 't'fuoque
2544 3822 2663 3858 esse
2713 3808 2771 3856 in
2839 3770 2840 3835 ἶ

681 3888 839 3941 quem
865 3891 974 3943 non
997 3875 1310 3944 ignoramus
1333 3876 1559 3927 multum
1576 3875 1676 3945 sa·
1774 3876 2089 3930 Verrinasf‘
2156 3878 2303 3945 Ergo
2328 3877 2445 3945 ipse
2470 3876 2647 3926 Maius
2675 3886 2775 3926 aut

683 3928 846 3996 celtis
880 3956 936 3993 ee
979 3934 1355 3995 urbanior-ibus
1394 3945 1561 3995 dictis
1591 3946 1676 3995 in·
1773 3960 1833 3995 se
1858 3944 1981 3995 illas
2013 3944 2247 4014 facetias
2290 3960 2593 4015 agnoscere
2626 3962 2666 3995 n
2684 3962 2719 3996 o
2738 3964 2773 3995 n
2839 3958 2840 3961 ’

679 4008 1005 4073 ἀυζςίεεε,“ι”ιί
1026 4014 1172 4080 quod
1192 4012 1327 4063 loci-s·
1344 4012 1593 4082 pluribus
1612 4017 1674 4064 in
1772 4030 1807 4079 p
1824 4022 1891 4065 ot
1906 4012 2011 4064 uis
2027 4030 2051 4063 s
2069 4030 2099 4064 e
2158 4012 2410 4063 fateatur
2458 4021 2555 4063 aut
2607 4031 2667 4063 se
2715 4016 2773 4064 in
2839 4030 2840 4035 ¹

687 4077 1282 4133 Verrinisorationibus
1308 4084 1704 4149 potuimus.
1771 4082 2028 4133 verrinas
2066 4096 2289 4149 quoque
2324 4089 2775 4135 commentatum

678 4161 996 4211 agnoscere:
1034 4146 1107 4196 ad
1139 4163 1282 4213 quae
1294 4146 1499 4203 Maius:
1536 4148 1671 4213 „Vi-7
1771 4164 1887 4201 esse
1918 4148 2281 4203 demonstret.

677 4206 844 4263 detur
877 4210 972 4265 hic
1005 4211 1256 4267 indicare
1296 4214 1572 4284 lutei-pres
1607 4231 1668 4267 se
2219 4232 2223 4236 ·
