2859 4617
668 324 785 396 AD
830 322 971 401 ΟΒ.
1014 320 1186 389 PRO
1229 321 1326 389 M.
1370 321 1809 411 TULL10·§.
1845 332 1910 397 7.
1992 350 2026 369 ··
2207 329 2340 395 m
2427 267 2438 279 ‘

254 494 656 559 litterarium
682 510 886 574 usum
907 492 1210 573 fructum
1232 489 1550 557 benevole
1579 516 1902 573 concess0‚
1935 492 2005 559 Z
2001 490 2340 581 eitsclirq'fc

239 577 380 669 fiir
402 578 919 667 geschiclztliclze
951 575 1668 677 Rechtswissenschaft
1701 579 1832 643 vol.
1863 582 1946 643 V.
1985 578 2145 642 fasc.
2175 577 2228 641 Ι.
2263 600 2337 665 p.

259 672 409 731 123.
446 687 528 727 ssu
617 662 931 729 Affirmat
952 662 1055 727 vir
1102 682 1408 723 summus
1457 671 1796 743 deltonem
1833 664 2080 727 damni
2107 664 2185 727 vi
2217 686 2340 726 ar-

260 749 470 811 matis
510 750 845 821 coactisve
886 745 1263 809 hominibus
1302 744 1457 809 dati
1499 768 1585 809 ex
1629 746 1838 813 edicto
1877 746 2144 811 Luculli
2177 768 2341 809 ean-

261 834 419 897 dem
448 853 583 895 esse
620 842 816 915 atque
856 830 1041 893 illam
1083 830 1154 891 in
1180 828 1496 913 Digestis
1537 832 1964 916 propositam
2007 830 2342 894 actionem

257 917 338 979 vi
378 916 703 990 honorum
745 926 1103 1001 raptorum
1118 960 1136 991 ‚
1182 916 1299 976 etsi
1349 916 1676 996 temporis
1719 914 2002 981 decursu
2052 914 2342 1001 quadam

194 1022 207 1039 ¹
254 1010 452 1063 tenus
484 1000 926 1063 immutatam.
1011 997 1221 1082 Negat
1246 1008 1474 1059 autem
1495 998 1570 1059 in
1595 998 1804 1063 edicto
1833 1008 2160 1085 perpetuo
2191 996 2341 1059 Sal-

257 1083 349 1147 vii
384 1082 621 1146 Iuliani
654 1079 759 1168 (π.
791 1080 1060 1147 XLVII.
1096 1090 1158 1151 8.
1193 1078 1281 1145 fr.
1312 1090 1373 1149 2.
1408 1080 1559 1167 pr.)
1594 1082 1746 1147 bina
1777 1093 1890 1145 aut
1927 1084 2104 1147 trina
2135 1078 2357 1144 fuisse

258 1160 523 1252 singula'
560 1166 763 1231 edicta
807 1165 887 1229 de
937 1166 1215 1243 damn0‚
1286 1166 1562 1229 discreta
1599 1188 1740 1230 non
1783 1164 2009 1231 solum
2050 1188 2160 1243 re,
2225 1162 2340 1227 sed

260 1252 460 1313 etiam
486 1251 887 1330 auctoribUS‚
918 1261 1125 1313 aetate
1150 1270 1443 1333 ususque
1467 1248 1916 1329 diuturnitate,
1945 1262 2146 1335 atque
2172 1248 2340 1312 olim

262 1332 450 1395 aliter
463 1380 481 1411 ,
526 1346 723 1431 atque
758 1332 973 1405 adhuc
1000 1333 1071 1395 in
1100 1334 1379 1416 Digestis
1404 1330 1743 1417 leguntur,
1786 1334 2111 1399 interdicti
2139 1332 2341 1398 verba

264 1427 580 1502 concepta
601 1417 840 1479 tuisse:
882 1426 949 1479 et
972 1427 1329 1501 propterea
1360 1427 1576 1501 negat,
1621 1418 1806 1501 quod
1835 1418 2170 1480 interdicti
2200 1438 2341 1479 ver-

260 1498 349 1563 ba
374 1500 759 1565 hominibus
786 1502 1039 1563 coactis
1064 1511 1129 1563 et
1150 1498 1236 1562 ad
1265 1500 1512 1563 damni
1541 1500 1706 1585 quid
1717 1498 1998 1587 sactum
2027 1510 2090 1563 et
2121 1500 2200 1571 ad
2233 1499 2344 1563 bo-

262 1608 363 1649 na
402 1596 617 1671 rapt-a
655 1582 999 1647 referenda
1032 1584 1193 1660 sint,
1255 1582 1355 1648 cll.
1381 1582 1425 1645 1.
1461 1584 1566 1647 cit.
1597 1591 1648 1663 §.
1681 1592 1738 1651 3.
1773 1595 1838 1647 et
1876 1591 2014 1661 12.·‚
2062 1583 2343 1665 ideoque

258 1691 403 1733 non
449 1670 576 1731 nisi
620 1668 879 1755 duplex
924 1668 1217 1731 eiusdem
1259 1666 1478 1731 delicti
1521 1664 1674 1753 (np.
1715 1662 2342 1746 laesionis).modus

262 1754 725 1839 distinguatur.
830 1754 928 1815 De
968 1751 1554 1815 immutationibus
1617 1761 1850 1818 autem?
1884 1750 2084 1815 huius
2130 1751 2343 1813 inter-

187 1906 197 1911 ,
262 1838 419 1901 dicti
455 1848 739 1925 propter
783 1835 1118 1901 bellorum
1154 1834 1449 1899 civilium
1491 1834 1820 1899 licentiam
1851 1848 1913 1920 et
1935 1834 2342 1921 locupletio-

200 1967 209 1975 ,
258 1943 421 1987 rum
459 1941 781 1984 maxume
814 1922 887 1983 in
930 1921 1173 1983 damno
1214 1918 1562 1987 inferendo
1601 1920 1936 1985 audaciam
1983 1918 2344 2005 compositi

259 2006 350 2069 sic
397 2004 721 2091 disputat,
777 2016 859 2067 ut
902 2025 1063 2068 usus
1104 2002 1553 2091 amplificandi
1591 2026 1784 2069 causa
1817 2004 2342 2069 restrictionibus

258 2089 531 2165 sublatis
582 2090 889 2185 primum
942 2088 1371 2152 adiectionem
1424 2089 1611 2154 verbi
1659 2092 1948 2153 armatis
2005 2091 2341 2169 omissam,

259 2173 491 2238 deinde
527 2184 721 2235 etlam
762 2173 940 2235 illius
985 2172 1357 2235 adiectionis
1404 2174 1656 2237 coactis
1695 2174 2074 2245 hominibus
2097 2178 2342 2235 'neces-

262 2258 527 2319 sitatem
573 2255 790 2317 laxius
834 2256 1335 2339 interpretando
1388 2277 1523 2318 esse
1565 2268 1897 2319 remotam
1941 2257 2344 2319 existumare

263 2337 644 2402 debeamus:
701 2360 772 2400 111
813 2360 1019 2422 quam
1056 2338 1448 2403 sententiam
1489 2339 1782 2403 eiusdem
1825 2338 1888 2403 le
1937 2340 1996 2403 is
2041 2339 2102 2421 δ.
2135 2347 2210 2407 7.
2256 2360 2342 2401 ex
2441 2390 2456 2405 ,
2499 2348 2508 2355 “

260 2424 494 2501 Heisii,
537 2423 663 2487 viri
714 2421 989 2486 illustris
1005 2468 1023 2499 ‚
1090 2422 1498 2501 coniectura,
1560 2444 1726 2507 quae
1772 2435 1834 2487 et
1938 2422 2342 2487 lorentinam

263 2518 329 2573 et
364 2506 704 2593 volgarem
741 2506 1095 2571 lectionem
1132 2506 1517 2593 coniungit‚-
1551 2508 1854 2571 emendat
1881 2510 2003 2585 sict
2065 2507 2245 2573 Item
2279 2508 2342 2571 si

248 2616 389 2680 pro
439 2616 639 2672 onae,
684 2592 902 2657 solu-m
950 2591 1281 2657 damnum
1322 2590 1624 2671 dedisse,
1677 2618 1817 2660 non
1837 2604 2008 2681 Puto
2055 2588 2342 2680 deficere

260 2702 387 2755 ver
416 2702 505 2755 ⁴a:
546 2678 671 2740 lzoc
706 2679 907 2754 enim,
952 2676 1131 2764 qnod
1160 2679 1281 2757 ait,
1326 2678 1876 2757 „hominibus
1919 2678 2338 2755 coactis“,

263 2760 360 2821 sic
387 2762 689 2843 accipere
712 2761 1044 2839 debemus,
1093 2763 1399 2841 „etiam
1435 2764 1910 2828 hominibus
1945 2762 2338 2839 coactis“,

262 2854 339 2906 ut
366 2843 509 2905 sive
534 2842 711 2905 solus
731 2843 879 2905 vim
896 2842 1184 2928 fecerit,
1230 2843 1371 2909 sive
1400 2847 1612 2910 etiam
1657 2848 2037 2927 hominibus
2066 2848 2338 2925 coactis‘,

166 2942 177 2948 ·
261 2926 380 2989 vel
404 2926 732 3003 armatae,
778 2926 891 2989 vel
917 2926 1282 2991 inermibus
1300 2975 1318 3006 ,
1361 2930 1488 2991 hoc
1525 2929 1744 2992 edicto
1785 2942 2115 2995 teneatur.
2202 2930 2340 2993 De-

258 3010 464 3093 nique
506 3008 791 3093 imperio
820 3010 954 3071 iam
998 3020 1229 3095 pacato
1267 3033 1423 3073 cum
1450 3010 1754 3075 homines
1791 3013 2088 3099 improbi
2112 3014 2340 3075 minus

263 3094 693 3173 adudamnum
718 3092 1015 3155 dandum
1046 3114 1251 3178 quam
1282 3094 1363 3156 ad
1397 3096 1709 3180 rapienda
1733 3096 1912 3159 bona
1937 3097 2208 3159 audaces
2235 3118 2339 3159 es-

260 3188 439 3255 sent3
518 3177 767 3243 damni
816 3176 967 3240 dati
1006 3200 1129 3263 per
1182 3200 1249 3241 se
1275 3181 1614 3245 mentione
1662 3180 1902 3256 omissa
1950 3180 2086 3242 iam
2127 3178 2344 3245 solam

260 3262 599 3327 actionem
638 3262 715 3325 vi
750 3260 1080 3325 bonorum
1129 3274 1493 3349 raptorum
1521 3264 1590 3325 in
1629 3286 1760 3327 usu
1799 3268 2114 3327 mansisse
2142 3275 2342 3349 atque

256 3348 350 3411 ita
374 3346 803 3412 interdictum
834 3345 999 3409 illud
1024 3347 1096 3409 in
1124 3345 1338 3431 legem
1367 3349 1447 3411 de
1469 3345 1654 3413 furto
1683 3346 1974 3417 violento
2005 3348 2109 3413 vel
2131 3348 2341 3413 latro-

257 3432 427 3494 cinio
460 3442 799 3494 mutatum
836 3453 972 3495 esse
1011 3432 1384 3495 ostenditur
1420 3454 1506 3517 ex
1539 3432 1741 3496 eiusd.
1779 3434 1824 3499 l.
1858 3432 1920 3517 §.
1955 3442 2057 3502 17.
2091 3433 2192 3499 cll.
2219 3432 2338 3498 Iu·—
2401 3468 2409 3476 -

258 3514 521 3579 stiniani
541 3517 719 3579 iizstt.
751 3514 867 3579 IV.
890 3524 953 3583 2.
988 3527 1053 3579 et
1075 3516 1223 3581 cod.
1248 3514 1368 3579 IX.
1395 3525 1500 3587 33.
1543 3516 1782 3582 Obstat
1806 3540 1875 3583 π.
1890 3516 2132 3583 XLIII.
2157 3526 2258 3595 16,
2277 3528 2335 3585 1.

258 3596 321 3680 §.
349 3606 455 3665 27.
519 3598 715 3661 >Certe
744 3600 826 3663 ab
858 3611 1151 3685 utroque
1176 3600 1343 3665 iuris
1376 3602 1631 3687 antiqui
1667 3596 2028 3692 interprete
2055 3604 2340 3667 acutissu

163 3692 179 3701 '
257 3704 368 3745 me
402 3682 737 3769 disputata
757 3683 1063 3757 videntur
1091 3685 1306 3749 valere
1341 3688 1425 3751 ad
1455 3688 1708 3753 diversa
1734 3688 2026 3753 eiusdem
2058 3686 2338 3749 interdi-

258 3766 345 3831 cti
368 3765 665 3847 Lucullei
696 3767 914 3853 capita
942 3768 1419 3855 distinguenda.
1477 3772 1653 3834 Nam
1683 3772 1965 3838 diversas
1989 3772 2222 3856 utique
2247 3792 2336 3833 xe
2419 3804 2430 3811 -

258 3872 337 3915 eo
378 3844 555 3913 datas
586 3873 721 3914 esse
754 3851 1035 3915 actiones
1078 3852 1345 3917 diversis
1389 3856 1759 3918 constitutis
1789 3856 2037 3917 iudiciis
2075 3854 2336 3940 colligi-

255 3956 408 3999 mus
450 3958 484 3999 e
524 3934 1007 3999 discriminibus
1066 3938 1483 4023 quibusdam.
1568 3936 1719 4001 Illas
1772 3938 2040 4025 quidem
2087 3938 2334 4005 discre-

248 4020 525 4106 pantiaS,
556 4042 725 4105 quae
758 4019 1146 4086 videbantur
1178 4021 1613 4107 depraehendi
1638 4023 1708 4085 in
1743 4046 1841 4101 e0,
1942 4024 2074 4086 uod
2097 4024 2166 4085 in
2191 4024 2332 4087 Lu-

168 4121 175 4133 “
248 4104 407 4171 culli
428 4104 779 4175 interdicto
804 4102 951 4175 DE
992 4105 1077 4170 V
1068 4106 1121 4173 I
1136 4104 1574 4177 HOMINIB
1587 4106 1658 4175 U
1652 4108 1706 4175 S
1735 4044 2176 4176 ΑΙῖίῑςιΙΑΤῙδΙ
2191 4128 2332 4177 non

1090 4256 1093 4259 ·
1539 4246 1578 4267 ae
