<?xml version="1.0" encoding="UTF-8"?>
<!DOCTYPE html PUBLIC "-//W3C//DTD XHTML 1.0 Transitional//EN"
    "http://www.w3.org/TR/xhtml1/DTD/xhtml1-transitional.dtd">
<html xmlns="http://www.w3.org/1999/xhtml" xml:lang="en" lang="en">
 <head>
  <title>
</title>
<meta http-equiv="Content-Type" content="text/html;charset=utf-8" />
  <meta name='ocr-system' content='tesseract 3.04.00' />
  <meta name='ocr-capabilities' content='ocr_page ocr_carea ocr_par ocr_line ocrx_word'/>
</head>
<body>
  <div class='ocr_page' id='page_1' title='image "./mtulliciceronis00ambrgoog_0059.png"; bbox 0 0 2859 4617; ppageno 0'>
   <div class='ocr_carea' id='block_1_1' title="bbox 131 316 2244 601">
    <p class='ocr_par' dir='ltr' id='par_1_1' title="bbox 131 316 2244 601">
     <span class='ocr_line' id='line_1_1' title="bbox 374 316 2244 401; baseline -0.001 -2"><span class='ocrx_word' id='word_1_1' title='bbox 374 360 386 371; x_wconf 93' lang='lat'><strong>·</strong></span> <span class='ocrx_word' id='word_1_2' title='bbox 449 364 457 370; x_wconf 89' lang='lat'>·</span> <span class='ocrx_word' id='word_1_3' title='bbox 573 378 588 391; x_wconf 58' lang='lat'><em>2</em></span> <span class='ocrx_word' id='word_1_4' title='bbox 647 358 653 365; x_wconf 70' lang='grc'><strong><em>’</em></strong></span> <span class='ocrx_word' id='word_1_5' title='bbox 705 326 1463 401; x_wconf 83' lang='lat' dir='ltr'><strong>FRAGMENTORUM</strong></span> <span class='ocrx_word' id='word_1_6' title='bbox 1500 316 1665 399; x_wconf 77' lang='lat' dir='ltr'><strong>CIG.</strong></span> <span class='ocrx_word' id='word_1_7' title='bbox 2007 348 2244 398; x_wconf 80' lang='lat' dir='ltr'><strong>van.</strong></span> 
     </span>
     <span class='ocr_line' id='line_1_2' title="bbox 131 463 2210 601; baseline 0 -34"><span class='ocrx_word' id='word_1_8' title='bbox 131 463 396 567; x_wconf 24' lang='lat' dir='ltr'><strong>delectu·</strong></span> <span class='ocrx_word' id='word_1_9' title='bbox 433 498 734 569; x_wconf 70' lang='lat' dir='ltr'><strong>com-redes</strong></span> <span class='ocrx_word' id='word_1_10' title='bbox 789 496 1150 601; x_wconf 54' lang='lat' dir='ltr'><strong>observant</strong></span> <span class='ocrx_word' id='word_1_11' title='bbox 1194 512 1272 566; x_wconf 74' lang='lat' dir='ltr'><strong>ut</strong></span> <span class='ocrx_word' id='word_1_12' title='bbox 1302 501 1579 589; x_wconf 71' lang='lat' dir='ltr'><strong>’primus</strong></span> <span class='ocrx_word' id='word_1_13' title='bbox 1628 498 1817 568; x_wconf 81' lang='lat' dir='ltr'><strong>miles</strong></span> <span class='ocrx_word' id='word_1_14' title='bbox 1853 496 2001 591; x_wconf 75' lang='lat' dir='ltr'><strong>fiat</strong></span> <span class='ocrx_word' id='word_1_15' title='bbox 2037 496 2210 567; x_wconf 77' lang='lat' dir='ltr'><strong>boni&gt;</strong></span> 
     </span>
    </p>
   </div>
   <div class='ocr_carea' id='block_1_2' title="bbox 30 588 412 653">
    <p class='ocr_par' dir='ltr' id='par_1_2' title="bbox 30 588 412 653">
     <span class='ocr_line' id='line_1_3' title="bbox 30 588 412 653; baseline -0.005 -2"><span class='ocrx_word' id='word_1_16' title='bbox 30 644 32 651; x_wconf 93' lang='lat'>.</span> <span class='ocrx_word' id='word_1_17' title='bbox 131 588 412 653; x_wconf 76' lang='lat' dir='ltr'><strong>nomine.</strong></span> 
     </span>
    </p>
   </div>
   <div class='ocr_carea' id='block_1_3' title="bbox 116 764 2309 3097">
    <p class='ocr_par' dir='ltr' id='par_1_3' title="bbox 119 764 2309 2445">
     <span class='ocr_line' id='line_1_4' title="bbox 290 764 2206 856; baseline -0.001 -18"><span class='ocrx_word' id='word_1_18' title='bbox 290 774 394 838; x_wconf 80' lang='lat'><strong>14.</strong></span> <span class='ocrx_word' id='word_1_19' title='bbox 479 766 580 834; x_wconf 85' lang='lat' dir='ltr'><strong>Ita</strong></span> <span class='ocrx_word' id='word_1_20' title='bbox 625 788 712 833; x_wconf 87' lang='lat' dir='ltr'><strong>ue</strong></span> <span class='ocrx_word' id='word_1_21' title='bbox 745 778 811 837; x_wconf 85' lang='lat' dir='ltr'><strong>et</strong></span> <span class='ocrx_word' id='word_1_22' title='bbox 837 764 1253 834; x_wconf 82' lang='lat' dir='ltr'><strong>Kilonienses</strong></span> <span class='ocrx_word' id='word_1_23' title='bbox 1277 765 1582 834; x_wconf 74' lang='lat' dir='ltr'><strong>Editores</strong></span> <span class='ocrx_word' id='word_1_24' title='bbox 1620 767 2206 856; x_wconf 84' lang='lat' dir='ltr'><strong>reprehensionem</strong></span> 
     </span>
     <span class='ocr_line' id='line_1_5' title="bbox 129 850 2207 941; baseline 0.001 -24"><span class='ocrx_word' id='word_1_25' title='bbox 129 874 311 918; x_wconf 82' lang='lat' dir='ltr'><strong>suam</strong></span> <span class='ocrx_word' id='word_1_26' title='bbox 361 850 444 918; x_wconf 87' lang='lat' dir='ltr'><strong>ad</strong></span> <span class='ocrx_word' id='word_1_27' title='bbox 475 852 598 917; x_wconf 86' lang='lat' dir='ltr'><strong>illu</strong></span> <span class='ocrx_word' id='word_1_28' title='bbox 677 853 941 939; x_wconf 87' lang='lat' dir='ltr'><strong>longius</strong></span> <span class='ocrx_word' id='word_1_29' title='bbox 973 852 1308 917; x_wconf 84' lang='lat' dir='ltr'><strong>scholium</strong></span> <span class='ocrx_word' id='word_1_30' title='bbox 1351 862 1822 919; x_wconf 82' lang='lat' dir='ltr'><strong>converterunt</strong></span> <span class='ocrx_word' id='word_1_31' title='bbox 1854 852 1978 941; x_wconf 76' lang='lat'><strong>36)</strong></span> <span class='ocrx_word' id='word_1_32' title='bbox 2024 854 2207 941; x_wconf 86' lang='lat' dir='ltr'><strong>quod</strong></span> 
     </span>
     <span class='ocr_line' id='line_1_6' title="bbox 129 936 2207 1027; baseline 0.001 -27"><span class='ocrx_word' id='word_1_33' title='bbox 129 937 455 1021; x_wconf 85' lang='lat' dir='ltr'><strong>quadratis</strong></span> <span class='ocrx_word' id='word_1_34' title='bbox 483 936 718 1003; x_wconf 84' lang='lat' dir='ltr'><strong>litteris</strong></span> <span class='ocrx_word' id='word_1_35' title='bbox 744 946 826 1003; x_wconf 72' lang='lat' dir='ltr'><strong>et·</strong></span> <span class='ocrx_word' id='word_1_36' title='bbox 845 936 1240 1027; x_wconf 80' lang='lat' dir='ltr'><strong>pervetustis</strong></span> <span class='ocrx_word' id='word_1_37' title='bbox 1268 947 1332 1001; x_wconf 88' lang='lat' dir='ltr'><strong>et</strong></span> <span class='ocrx_word' id='word_1_38' title='bbox 1353 938 1879 1025; x_wconf 85' lang='lat' dir='ltr'><strong>speciosissimis,</strong></span> <span class='ocrx_word' id='word_1_39' title='bbox 1922 940 2043 1005; x_wconf 78' lang='lat' dir='ltr'><strong>etsi</strong></span> <span class='ocrx_word' id='word_1_40' title='bbox 2070 940 2207 1003; x_wconf 89' lang='lat' dir='ltr'><strong>mi—</strong></span> 
     </span>
     <span class='ocr_line' id='line_1_7' title="bbox 127 1019 2209 1111; baseline 0.003 -27"><span class='ocrx_word' id='word_1_41' title='bbox 127 1022 338 1085; x_wconf 82' lang='lat' dir='ltr'><strong>nimae</strong></span> <span class='ocrx_word' id='word_1_42' title='bbox 361 1019 641 1104; x_wconf 68' lang='lat' dir='ltr'><strong>formzm,</strong></span> <span class='ocrx_word' id='word_1_43' title='bbox 683 1022 756 1087; x_wconf 88' lang='lat' dir='ltr'><strong>in</strong></span> <span class='ocrx_word' id='word_1_44' title='bbox 785 1024 1005 1089; x_wconf 83' lang='lat' dir='ltr'><strong>codice</strong></span> <span class='ocrx_word' id='word_1_45' title='bbox 1033 1022 1362 1111; x_wconf 78' lang='lat' dir='ltr'><strong>scriptum</strong></span> <span class='ocrx_word' id='word_1_46' title='bbox 1391 1032 1510 1090; x_wconf 79' lang='lat' dir='ltr'><strong>est.</strong></span> <span class='ocrx_word' id='word_1_47' title='bbox 1596 1022 1807 1109; x_wconf 83' lang='lat' dir='ltr'><strong>Aegre</strong></span> <span class='ocrx_word' id='word_1_48' title='bbox 1838 1022 2209 1090; x_wconf 85' lang='lat' dir='ltr'><strong>admodum</strong></span> 
     </span>
     <span class='ocr_line' id='line_1_8' title="bbox 127 1105 2207 1205; baseline 0.003 -38"><span class='ocrx_word' id='word_1_49' title='bbox 127 1105 190 1167; x_wconf 90' lang='lat' dir='ltr'><strong>id</strong></span> <span class='ocrx_word' id='word_1_50' title='bbox 218 1105 546 1173; x_wconf 73' lang='lat' dir='ltr'><strong>scholium·</strong></span> <span class='ocrx_word' id='word_1_51' title='bbox 573 1107 1170 1186; x_wconf 73' lang='lat' dir='ltr'><strong>ecodiceemitur,</strong></span> <span class='ocrx_word' id='word_1_52' title='bbox 1213 1107 1378 1205; x_wconf 78' lang='lat' dir='ltr'><strong>quin</strong></span> <span class='ocrx_word' id='word_1_53' title='bbox 1406 1105 1623 1173; x_wconf 82' lang='lat' dir='ltr'><strong>adhuc</strong></span> <span class='ocrx_word' id='word_1_54' title='bbox 1646 1124 1894 1193; x_wconf 74' lang='lat' dir='ltr'><strong>magna·</strong></span> <span class='ocrx_word' id='word_1_55' title='bbox 1912 1106 2207 1173; x_wconf 74' lang='lat' dir='ltr'><strong>eiusdem</strong></span> 
     </span>
     <span class='ocr_line' id='line_1_9' title="bbox 129 1190 2205 1285; baseline 0.002 -33"><span class='ocrx_word' id='word_1_56' title='bbox 129 1202 282 1285; x_wconf 78' lang='lat' dir='ltr'><strong>pars</strong></span> <span class='ocrx_word' id='word_1_57' title='bbox 317 1190 475 1255; x_wconf 82' lang='lat' dir='ltr'><strong>latet</strong></span> <span class='ocrx_word' id='word_1_58' title='bbox 510 1190 603 1255; x_wconf 88' lang='lat' dir='ltr'><strong>ibi</strong></span> <span class='ocrx_word' id='word_1_59' title='bbox 644 1190 718 1255; x_wconf 84' lang='lat' dir='ltr'><strong>in</strong></span> <span class='ocrx_word' id='word_1_60' title='bbox 756 1192 1170 1279; x_wconf 81' lang='lat' dir='ltr'><strong>sempiternis</strong></span> <span class='ocrx_word' id='word_1_61' title='bbox 1209 1190 1430 1255; x_wconf 79' lang='lat' dir='ltr'><strong>lituris</strong></span> <span class='ocrx_word' id='word_1_62' title='bbox 1464 1191 1791 1257; x_wconf 86' lang='lat' dir='ltr'><strong>demersa:</strong></span> <span class='ocrx_word' id='word_1_63' title='bbox 1832 1212 2050 1278; x_wconf 87' lang='lat' dir='ltr'><strong>neque</strong></span> <span class='ocrx_word' id='word_1_64' title='bbox 2080 1214 2205 1280; x_wconf 90' lang='lat' dir='ltr'><strong>ego</strong></span> 
     </span>
     <span class='ocr_line' id='line_1_10' title="bbox 124 1273 2203 1361; baseline 0.002 -25"><span class='ocrx_word' id='word_1_65' title='bbox 124 1274 479 1359; x_wconf 77' lang='lat' dir='ltr'><strong>imaginem</strong></span> <span class='ocrx_word' id='word_1_66' title='bbox 510 1274 647 1339; x_wconf 82' lang='lat' dir='ltr'><strong>eius</strong></span> <span class='ocrx_word' id='word_1_67' title='bbox 681 1274 950 1339; x_wconf 82' lang='lat' dir='ltr'><strong>lacunae</strong></span> <span class='ocrx_word' id='word_1_68' title='bbox 989 1284 1288 1339; x_wconf 85' lang='lat' dir='ltr'><strong>accurate</strong></span> <span class='ocrx_word' id='word_1_69' title='bbox 1313 1273 1621 1339; x_wconf 79' lang='lat' dir='ltr'><strong>exhibui:</strong></span> <span class='ocrx_word' id='word_1_70' title='bbox 1668 1276 1854 1361; x_wconf 85' lang='lat' dir='ltr'><strong>quod</strong></span> <span class='ocrx_word' id='word_1_71' title='bbox 1879 1287 1958 1339; x_wconf 87' lang='lat' dir='ltr'><strong>ut</strong></span> <span class='ocrx_word' id='word_1_72' title='bbox 1994 1274 2203 1355; x_wconf 85' lang='lat' dir='ltr'><strong>fieret,</strong></span> 
     </span>
     <span class='ocr_line' id='line_1_11' title="bbox 121 1356 2309 1458; baseline 0.003 -39"><span class='ocrx_word' id='word_1_73' title='bbox 121 1379 265 1421; x_wconf 88' lang='lat' dir='ltr'><strong>non</strong></span> <span class='ocrx_word' id='word_1_74' title='bbox 285 1356 546 1420; x_wconf 87' lang='lat' dir='ltr'><strong>modica</strong></span> <span class='ocrx_word' id='word_1_75' title='bbox 566 1357 803 1441; x_wconf 76' lang='lat' dir='ltr'><strong>pagina</strong></span> <span class='ocrx_word' id='word_1_76' title='bbox 823 1357 1116 1421; x_wconf 80' lang='lat' dir='ltr'><strong>cudenda</strong></span> <span class='ocrx_word' id='word_1_77' title='bbox 1143 1369 1316 1421; x_wconf 83' lang='lat' dir='ltr'><strong>erat=</strong></span> <span class='ocrx_word' id='word_1_78' title='bbox 1382 1358 1502 1441; x_wconf 88' lang='lat' dir='ltr'><strong>qui</strong></span> <span class='ocrx_word' id='word_1_79' title='bbox 1529 1382 1683 1423; x_wconf 87' lang='lat' dir='ltr'><strong>sane</strong></span> <span class='ocrx_word' id='word_1_80' title='bbox 1717 1358 1911 1423; x_wconf 83' lang='lat' dir='ltr'><strong>labor</strong></span> <span class='ocrx_word' id='word_1_81' title='bbox 1940 1370 2006 1423; x_wconf 86' lang='lat' dir='ltr'><strong>et</strong></span> <span class='ocrx_word' id='word_1_82' title='bbox 2038 1380 2209 1458; x_wconf 72' lang='lat' dir='ltr'><strong>quae</strong></span> <span class='ocrx_word' id='word_1_83' title='bbox 2300 1378 2309 1386; x_wconf 76' lang='grc'><em>“</em></span> 
     </span>
     <span class='ocr_line' id='line_1_12' title="bbox 121 1438 2207 1521; baseline 0 -16"><span class='ocrx_word' id='word_1_84' title='bbox 121 1462 287 1505; x_wconf 81' lang='lat' dir='ltr'><strong>cura</strong></span> <span class='ocrx_word' id='word_1_85' title='bbox 321 1439 492 1501; x_wconf 83' lang='lat' dir='ltr'><strong>tanti</strong></span> <span class='ocrx_word' id='word_1_86' title='bbox 531 1459 670 1501; x_wconf 86' lang='lat' dir='ltr'><strong>non</strong></span> <span class='ocrx_word' id='word_1_87' title='bbox 707 1438 1050 1503; x_wconf 81' lang='lat' dir='ltr'><strong>videbatur</strong></span> <span class='ocrx_word' id='word_1_88' title='bbox 1073 1447 1154 1507; x_wconf 77' lang='lat'><strong>37</strong></span> <span class='ocrx_word' id='word_1_89' title='bbox 1169 1440 1214 1521; x_wconf 83' lang='lat'><strong>).</strong></span> <span class='ocrx_word' id='word_1_90' title='bbox 1297 1438 1477 1505; x_wconf 75' lang='lat' dir='ltr'><strong>Iamv</strong></span> <span class='ocrx_word' id='word_1_91' title='bbox 1488 1460 1601 1503; x_wconf 87' lang='lat' dir='ltr'><strong>ero</strong></span> <span class='ocrx_word' id='word_1_92' title='bbox 1640 1440 1773 1502; x_wconf 87' lang='lat' dir='ltr'><strong>tria</strong></span> <span class='ocrx_word' id='word_1_93' title='bbox 1811 1462 2074 1505; x_wconf 85' lang='lat' dir='ltr'><strong>romam</strong></span> <span class='ocrx_word' id='word_1_94' title='bbox 2100 1464 2207 1505; x_wconf 87' lang='lat' dir='ltr'><strong>se·-</strong></span> 
     </span>
     <span class='ocr_line' id='line_1_13' title="bbox 121 1518 2206 1606; baseline 0 -19"><span class='ocrx_word' id='word_1_95' title='bbox 121 1532 323 1587; x_wconf 84' lang='lat' dir='ltr'><strong>natus</strong></span> <span class='ocrx_word' id='word_1_96' title='bbox 348 1518 474 1585; x_wconf 87' lang='lat' dir='ltr'><strong>sub</strong></span> <span class='ocrx_word' id='word_1_97' title='bbox 500 1521 766 1606; x_wconf 87' lang='lat' dir='ltr'><strong>regibus</strong></span> <span class='ocrx_word' id='word_1_98' title='bbox 789 1521 1192 1585; x_wconf 85' lang='lat' dir='ltr'><strong>incrementa</strong></span> <span class='ocrx_word' id='word_1_99' title='bbox 1223 1530 1526 1584; x_wconf 80' lang='lat' dir='ltr'><strong>constant</strong></span> <span class='ocrx_word' id='word_1_100' title='bbox 1547 1542 1634 1583; x_wconf 83' lang='lat' dir='ltr'><strong>ex</strong></span> <span class='ocrx_word' id='word_1_101' title='bbox 1656 1521 1983 1606; x_wconf 81' lang='lat' dir='ltr'><strong>Dionysio</strong></span> <span class='ocrx_word' id='word_1_102' title='bbox 2014 1524 2206 1587; x_wconf 86' lang='lat' dir='ltr'><strong>Hali-</strong></span> 
     </span>
     <span class='ocr_line' id='line_1_14' title="bbox 121 1602 2209 1691; baseline 0 -20"><span class='ocrx_word' id='word_1_103' title='bbox 121 1626 464 1673; x_wconf 83' lang='lat' dir='ltr'><strong>carnasseo</strong></span> <span class='ocrx_word' id='word_1_104' title='bbox 494 1602 578 1667; x_wconf 88' lang='grc' dir='ltr'><strong>ΙΙ.</strong></span> <span class='ocrx_word' id='word_1_105' title='bbox 615 1613 716 1673; x_wconf 82' lang='lat'><strong>12.</strong></span> <span class='ocrx_word' id='word_1_106' title='bbox 741 1610 847 1672; x_wconf 88' lang='grc'><strong>47.</strong></span> <span class='ocrx_word' id='word_1_107' title='bbox 873 1602 988 1669; x_wconf 93' lang='grc' dir='ltr'><strong>ῙΠ.</strong></span> <span class='ocrx_word' id='word_1_108' title='bbox 1016 1612 1123 1675; x_wconf 87' lang='grc'><strong>67.</strong></span> <span class='ocrx_word' id='word_1_109' title='bbox 1190 1602 1397 1689; x_wconf 88' lang='lat' dir='ltr'><strong>Origo</strong></span> <span class='ocrx_word' id='word_1_110' title='bbox 1426 1602 1539 1666; x_wconf 85' lang='lat' dir='ltr'><strong>illa</strong></span> <span class='ocrx_word' id='word_1_111' title='bbox 1564 1602 2019 1691; x_wconf 82' lang='lat' dir='ltr'><strong>appellationis</strong></span> <span class='ocrx_word' id='word_1_112' title='bbox 2046 1630 2209 1671; x_wconf 81' lang='lat' dir='ltr'><strong>con-</strong></span> 
     </span>
     <span class='ocr_line' id='line_1_15' title="bbox 121 1686 2209 1785; baseline -0.001 -29"><span class='ocrx_word' id='word_1_113' title='bbox 121 1690 368 1785; x_wconf 63' lang='lat' dir='ltr'><strong>scripti</strong></span> <span class='ocrx_word' id='word_1_114' title='bbox 390 1708 547 1754; x_wconf 81' lang='lat' dir='ltr'><strong>vera</strong></span> <span class='ocrx_word' id='word_1_115' title='bbox 575 1700 692 1768; x_wconf 86' lang='lat' dir='ltr'><strong>est,</strong></span> <span class='ocrx_word' id='word_1_116' title='bbox 729 1688 980 1753; x_wconf 84' lang='lat' dir='ltr'><strong>nedum</strong></span> <span class='ocrx_word' id='word_1_117' title='bbox 1010 1688 1378 1773; x_wconf 86' lang='lat' dir='ltr'><strong>nugatoria,</strong></span> <span class='ocrx_word' id='word_1_118' title='bbox 1474 1688 1607 1753; x_wconf 85' lang='lat' dir='ltr'><strong>uod</strong></span> <span class='ocrx_word' id='word_1_119' title='bbox 1641 1686 1989 1753; x_wconf 80' lang='lat' dir='ltr'><strong>videbatur</strong></span> <span class='ocrx_word' id='word_1_120' title='bbox 2002 1689 2209 1754; x_wconf 87' lang='lat' dir='ltr'><strong>Hein—</strong></span> 
     </span>
     <span class='ocr_line' id='line_1_16' title="bbox 126 1768 2253 1859; baseline 0 -21"><span class='ocrx_word' id='word_1_121' title='bbox 126 1774 354 1840; x_wconf 75' lang='lat' dir='ltr'><strong>riclno,</strong></span> <span class='ocrx_word' id='word_1_122' title='bbox 435 1770 582 1837; x_wconf 87' lang='lat' dir='ltr'><strong>Iam</strong></span> <span class='ocrx_word' id='word_1_123' title='bbox 609 1784 674 1837; x_wconf 83' lang='lat' dir='ltr'><strong>et</strong></span> <span class='ocrx_word' id='word_1_124' title='bbox 697 1768 812 1837; x_wconf 86' lang='lat' dir='ltr'><strong>illa</strong></span> <span class='ocrx_word' id='word_1_125' title='bbox 837 1772 920 1835; x_wconf 90' lang='lat' dir='ltr'><strong>de</strong></span> <span class='ocrx_word' id='word_1_126' title='bbox 940 1772 1290 1837; x_wconf 82' lang='lat' dir='ltr'><strong>tribunatu</strong></span> <span class='ocrx_word' id='word_1_127' title='bbox 1316 1770 1428 1859; x_wconf 91' lang='lat' dir='ltr'><strong>ple</strong></span> <span class='ocrx_word' id='word_1_128' title='bbox 1475 1771 1577 1835; x_wconf 87' lang='lat' dir='ltr'><strong>eio</strong></span> <span class='ocrx_word' id='word_1_129' title='bbox 1589 1816 1611 1849; x_wconf 88' lang='lat'>‚</span> <span class='ocrx_word' id='word_1_130' title='bbox 1654 1770 1736 1836; x_wconf 89' lang='lat' dir='ltr'><strong>de</strong></span> <span class='ocrx_word' id='word_1_131' title='bbox 1756 1770 1971 1835; x_wconf 85' lang='lat' dir='ltr'><strong>tribus</strong></span> <span class='ocrx_word' id='word_1_132' title='bbox 2004 1773 2213 1839; x_wconf 84' lang='lat' dir='ltr'><strong>Clau-</strong></span> <span class='ocrx_word' id='word_1_133' title='bbox 2248 1846 2253 1851; x_wconf 22' lang='lat'><em>⁶</em></span> 
     </span>
     <span class='ocr_line' id='line_1_17' title="bbox 123 1854 2208 1944; baseline 0 -22"><span class='ocrx_word' id='word_1_134' title='bbox 123 1858 281 1936; x_wconf 88' lang='lat' dir='ltr'><strong>diis,</strong></span> <span class='ocrx_word' id='word_1_135' title='bbox 326 1854 488 1944; x_wconf 81' lang='lat' dir='ltr'><strong>(qui</strong></span> <span class='ocrx_word' id='word_1_136' title='bbox 517 1854 702 1921; x_wconf 82' lang='lat' dir='ltr'><strong>locus</strong></span> <span class='ocrx_word' id='word_1_137' title='bbox 741 1856 832 1921; x_wconf 89' lang='lat' dir='ltr'><strong>ob</strong></span> <span class='ocrx_word' id='word_1_138' title='bbox 861 1855 1366 1919; x_wconf 84' lang='lat' dir='ltr'><strong>similitudinem</strong></span> <span class='ocrx_word' id='word_1_139' title='bbox 1401 1856 1889 1943; x_wconf 84' lang='lat' dir='ltr'><strong>comparandus</strong></span> <span class='ocrx_word' id='word_1_140' title='bbox 1918 1867 2013 1921; x_wconf 80' lang='lat' dir='ltr'><strong>est</strong></span> <span class='ocrx_word' id='word_1_141' title='bbox 2049 1880 2208 1923; x_wconf 87' lang='lat' dir='ltr'><strong>cum</strong></span> 
     </span>
     <span class='ocr_line' id='line_1_18' title="bbox 127 1934 2206 2067; baseline 0 -62"><span class='ocrx_word' id='word_1_142' title='bbox 127 1941 408 2005; x_wconf 83' lang='lat' dir='ltr'><strong>Asconio</strong></span> <span class='ocrx_word' id='word_1_143' title='bbox 433 1938 588 2005; x_wconf 81' lang='lat' dir='ltr'><strong>adl.</strong></span> <span class='ocrx_word' id='word_1_144' title='bbox 615 1962 745 2029; x_wconf 86' lang='lat' dir='ltr'><strong>pro</strong></span> <span class='ocrx_word' id='word_1_145' title='bbox 773 1940 979 2005; x_wconf 88' lang='lat' dir='ltr'><strong>Corn.</strong></span> <span class='ocrx_word' id='word_1_146' title='bbox 1010 1950 1168 2027; x_wconf 84' lang='lat' dir='ltr'><strong>post</strong></span> <span class='ocrx_word' id='word_1_147' title='bbox 1193 1960 1256 2005; x_wconf 83' lang='lat' dir='ltr'><strong>v.</strong></span> <span class='ocrx_word' id='word_1_148' title='bbox 1273 1934 1445 2003; x_wconf 85' lang='lat' dir='ltr'>CXI.</span> <span class='ocrx_word' id='word_1_149' title='bbox 1464 1938 1525 2067; x_wconf 52' lang='grc' dir='ltr'><strong>ζ,</strong></span> <span class='ocrx_word' id='word_1_150' title='bbox 1568 1940 1649 2004; x_wconf 86' lang='lat' dir='ltr'><strong>de</strong></span> <span class='ocrx_word' id='word_1_151' title='bbox 1670 1938 2068 2027; x_wconf 85' lang='lat' dir='ltr'><strong>pontificum</strong></span> <span class='ocrx_word' id='word_1_152' title='bbox 2098 1964 2206 2007; x_wconf 83' lang='lat' dir='ltr'><strong>sa-</strong></span> 
     </span>
     <span class='ocr_line' id='line_1_19' title="bbox 120 2022 2206 2112; baseline 0.001 -23"><span class='ocrx_word' id='word_1_153' title='bbox 120 2025 278 2089; x_wconf 90' lang='lat' dir='ltr'><strong>liari</strong></span> <span class='ocrx_word' id='word_1_154' title='bbox 303 2044 529 2089; x_wconf 88' lang='lat' dir='ltr'><strong>mensa</strong></span> <span class='ocrx_word' id='word_1_155' title='bbox 555 2025 701 2109; x_wconf 82' lang='lat' dir='ltr'><strong>quis</strong></span> <span class='ocrx_word' id='word_1_156' title='bbox 733 2025 974 2089; x_wconf 84' lang='lat' dir='ltr'><strong>merito</strong></span> <span class='ocrx_word' id='word_1_157' title='bbox 1015 2022 1455 2112; x_wconf 82' lang='lat' dir='ltr'><strong>reprehendat</strong></span> <span class='ocrx_word' id='word_1_158' title='bbox 1476 2072 1491 2087; x_wconf 92' lang='lat'><strong><em>.</em></strong></span> <span class='ocrx_word' id='word_1_159' title='bbox 1585 2022 1771 2087; x_wconf 90' lang='lat' dir='ltr'><strong>Tum</strong></span> <span class='ocrx_word' id='word_1_160' title='bbox 1804 2034 1868 2087; x_wconf 85' lang='lat' dir='ltr'><strong>et</strong></span> <span class='ocrx_word' id='word_1_161' title='bbox 1897 2026 2206 2091; x_wconf 85' lang='lat' dir='ltr'><strong>consula-</strong></span> 
     </span>
     <span class='ocr_line' id='line_1_20' title="bbox 119 2102 2209 2195; baseline 0 -22"><span class='ocrx_word' id='word_1_162' title='bbox 119 2121 276 2173; x_wconf 86' lang='lat' dir='ltr'><strong>tum</strong></span> <span class='ocrx_word' id='word_1_163' title='bbox 311 2109 884 2173; x_wconf 81' lang='lat' dir='ltr'><strong>communicatum</strong></span> <span class='ocrx_word' id='word_1_164' title='bbox 929 2127 1086 2172; x_wconf 90' lang='lat' dir='ltr'><strong>cum</strong></span> <span class='ocrx_word' id='word_1_165' title='bbox 1123 2107 1394 2195; x_wconf 88' lang='lat' dir='ltr'><strong>plebeiis</strong></span> <span class='ocrx_word' id='word_1_166' title='bbox 1438 2106 1585 2192; x_wconf 89' lang='lat' dir='ltr'><strong>quis</strong></span> <span class='ocrx_word' id='word_1_167' title='bbox 1622 2108 1885 2193; x_wconf 76' lang='lat' dir='ltr'><strong>ignorat</strong></span> <span class='ocrx_word' id='word_1_168' title='bbox 1900 2102 1933 2170; x_wconf 66' lang='grc' dir='ltr'><strong>’.Ρ</strong></span> <span class='ocrx_word' id='word_1_169' title='bbox 2020 2110 2209 2189; x_wconf 85' lang='lat' dir='ltr'><strong>Quae</strong></span> 
     </span>
     <span class='ocr_line' id='line_1_21' title="bbox 121 2190 2205 2279; baseline -0.001 -22"><span class='ocrx_word' id='word_1_170' title='bbox 121 2202 496 2279; x_wconf 81' lang='lat' dir='ltr'><strong>sequuntur</strong></span> <span class='ocrx_word' id='word_1_171' title='bbox 535 2192 606 2256; x_wconf 88' lang='lat' dir='ltr'><strong>in</strong></span> <span class='ocrx_word' id='word_1_172' title='bbox 631 2192 876 2257; x_wconf 89' lang='lat' dir='ltr'><strong>liturae</strong></span> <span class='ocrx_word' id='word_1_173' title='bbox 915 2191 1314 2256; x_wconf 83' lang='lat' dir='ltr'><strong>obscuritate</strong></span> <span class='ocrx_word' id='word_1_174' title='bbox 1341 2190 1768 2256; x_wconf 83' lang='lat' dir='ltr'><strong>vehementer</strong></span> <span class='ocrx_word' id='word_1_175' title='bbox 1794 2202 2038 2255; x_wconf 86' lang='lat' dir='ltr'><strong>nutant</strong></span> <span class='ocrx_word' id='word_1_176' title='bbox 2051 2217 2069 2253; x_wconf 73' lang='lat' dir='ltr'>z</span> <span class='ocrx_word' id='word_1_177' title='bbox 2114 2194 2205 2255; x_wconf 86' lang='lat' dir='ltr'><strong>si-</strong></span> 
     </span>
     <span class='ocr_line' id='line_1_22' title="bbox 123 2273 2207 2363; baseline -0.001 -23"><span class='ocrx_word' id='word_1_178' title='bbox 123 2276 290 2363; x_wconf 87' lang='lat' dir='ltr'><strong>quid</strong></span> <span class='ocrx_word' id='word_1_179' title='bbox 330 2298 488 2343; x_wconf 81' lang='lat' dir='ltr'><strong>vero</strong></span> <span class='ocrx_word' id='word_1_180' title='bbox 524 2275 892 2340; x_wconf 83' lang='lat' dir='ltr'><strong>absurdum</strong></span> <span class='ocrx_word' id='word_1_181' title='bbox 939 2273 1230 2352; x_wconf 81' lang='lat' dir='ltr'><strong>videtur,</strong></span> <span class='ocrx_word' id='word_1_182' title='bbox 1273 2273 1343 2338; x_wconf 87' lang='lat' dir='ltr'><strong>id</strong></span> <span class='ocrx_word' id='word_1_183' title='bbox 1381 2274 1471 2338; x_wconf 90' lang='lat' dir='ltr'><strong>ob</strong></span> <span class='ocrx_word' id='word_1_184' title='bbox 1504 2274 1867 2360; x_wconf 82' lang='lat' dir='ltr'><strong>intercepta</strong></span> <span class='ocrx_word' id='word_1_185' title='bbox 1911 2274 2207 2360; x_wconf 87' lang='lat' dir='ltr'><strong>plurima</strong></span> 
     </span>
     <span class='ocr_line' id='line_1_23' title="bbox 120 2357 2207 2445; baseline -0.001 -22"><span class='ocrx_word' id='word_1_186' title='bbox 120 2359 357 2425; x_wconf 88' lang='lat' dir='ltr'><strong>scholii</strong></span> <span class='ocrx_word' id='word_1_187' title='bbox 397 2360 701 2423; x_wconf 86' lang='lat' dir='ltr'><strong>membra</strong></span> <span class='ocrx_word' id='word_1_188' title='bbox 743 2358 1123 2443; x_wconf 84' lang='lat' dir='ltr'><strong>contingere</strong></span> <span class='ocrx_word' id='word_1_189' title='bbox 1155 2378 1414 2423; x_wconf 77' lang='lat' dir='ltr'><strong>necesse</strong></span> <span class='ocrx_word' id='word_1_190' title='bbox 1454 2368 1577 2421; x_wconf 74' lang='lat' dir='ltr'><strong>estz</strong></span> <span class='ocrx_word' id='word_1_191' title='bbox 1621 2378 1839 2442; x_wconf 88' lang='lat' dir='ltr'><strong>neque</strong></span> <span class='ocrx_word' id='word_1_192' title='bbox 1863 2357 2009 2421; x_wconf 86' lang='lat' dir='ltr'><strong>iure</strong></span> <span class='ocrx_word' id='word_1_193' title='bbox 2037 2378 2207 2445; x_wconf 84' lang='lat' dir='ltr'><strong>pro-</strong></span> 
     </span>
    </p>

    <p class='ocr_par' dir='ltr' id='par_1_4' title="bbox 116 2439 2214 3097">
     <span class='ocr_line' id='line_1_24' title="bbox 167 2439 2208 2509; baseline -0.003 0"><span class='ocrx_word' id='word_1_194' title='bbox 167 2457 276 2509; x_wconf 88' lang='lat' dir='ltr'><strong>ter</strong></span> <span class='ocrx_word' id='word_1_195' title='bbox 298 2444 628 2507; x_wconf 88' lang='lat' dir='ltr'><strong>incertum</strong></span> <span class='ocrx_word' id='word_1_196' title='bbox 659 2442 910 2507; x_wconf 84' lang='lat' dir='ltr'><strong>crimen</strong></span> <span class='ocrx_word' id='word_1_197' title='bbox 938 2452 1173 2505; x_wconf 82' lang='lat' dir='ltr'><strong>auctor</strong></span> <span class='ocrx_word' id='word_1_198' title='bbox 1201 2440 1435 2505; x_wconf 81' lang='lat' dir='ltr'><strong>scholii</strong></span> <span class='ocrx_word' id='word_1_199' title='bbox 1480 2439 1851 2505; x_wconf 84' lang='lat' dir='ltr'><strong>damnatur.</strong></span> <span class='ocrx_word' id='word_1_200' title='bbox 1940 2440 2208 2504; x_wconf 88' lang='lat' dir='ltr'><strong>Consu-</strong></span> 
     </span>
     <span class='ocr_line' id='line_1_25' title="bbox 121 2468 2211 2613; baseline -0.003 -19"><span class='ocrx_word' id='word_1_201' title='bbox 121 2468 212 2594; x_wconf 63' lang='lat' dir='ltr'><strong>fes</strong></span> <span class='ocrx_word' id='word_1_202' title='bbox 237 2527 527 2592; x_wconf 87' lang='lat' dir='ltr'><strong>alterum</strong></span> <span class='ocrx_word' id='word_1_203' title='bbox 563 2526 898 2613; x_wconf 90' lang='lat' dir='ltr'><strong>plebeium</strong></span> <span class='ocrx_word' id='word_1_204' title='bbox 928 2524 1210 2589; x_wconf 87' lang='lat' dir='ltr'><strong>alterum</strong></span> <span class='ocrx_word' id='word_1_205' title='bbox 1247 2524 1605 2611; x_wconf 83' lang='lat' dir='ltr'><strong>patricium</strong></span> <span class='ocrx_word' id='word_1_206' title='bbox 1633 2544 1899 2613; x_wconf 83' lang='lat' dir='ltr'><strong>semper</strong></span> <span class='ocrx_word' id='word_1_207' title='bbox 1922 2523 2067 2589; x_wconf 84' lang='lat' dir='ltr'><strong>fieri</strong></span> <span class='ocrx_word' id='word_1_208' title='bbox 2097 2546 2211 2588; x_wconf 86' lang='lat' dir='ltr'><strong>ne·</strong></span> 
     </span>
     <span class='ocr_line' id='line_1_26' title="bbox 122 2606 2209 2705; baseline -0.003 -28"><span class='ocrx_word' id='word_1_209' title='bbox 122 2612 482 2677; x_wconf 86' lang='lat' dir='ltr'><strong>cessarium</strong></span> <span class='ocrx_word' id='word_1_210' title='bbox 521 2609 725 2675; x_wconf 87' lang='lat' dir='ltr'><strong>fuisse</strong></span> <span class='ocrx_word' id='word_1_211' title='bbox 766 2632 907 2673; x_wconf 88' lang='lat' dir='ltr'><strong>non</strong></span> <span class='ocrx_word' id='word_1_212' title='bbox 945 2609 1185 2673; x_wconf 90' lang='lat' dir='ltr'><strong>dicitur</strong></span> <span class='ocrx_word' id='word_1_213' title='bbox 1222 2610 1293 2672; x_wconf 91' lang='lat' dir='ltr'><strong>in</strong></span> <span class='ocrx_word' id='word_1_214' title='bbox 1338 2606 1625 2695; x_wconf 74' lang='lat' dir='ltr'><strong>scholio:</strong></span> <span class='ocrx_word' id='word_1_215' title='bbox 1688 2618 1954 2695; x_wconf 85' lang='lat' dir='ltr'><strong>praeter</strong></span> <span class='ocrx_word' id='word_1_216' title='bbox 2003 2631 2209 2705; x_wconf 84' lang='lat' dir='ltr'><strong>quam</strong></span> 
     </span>
     <span class='ocr_line' id='line_1_27' title="bbox 123 2692 2209 2783; baseline -0.002 -23"><span class='ocrx_word' id='word_1_217' title='bbox 123 2695 312 2783; x_wconf 88' lang='lat' dir='ltr'><strong>quod</strong></span> <span class='ocrx_word' id='word_1_218' title='bbox 349 2695 404 2757; x_wconf 88' lang='lat' dir='ltr'><strong>is</strong></span> <span class='ocrx_word' id='word_1_219' title='bbox 439 2694 624 2758; x_wconf 88' lang='lat' dir='ltr'><strong>locus</strong></span> <span class='ocrx_word' id='word_1_220' title='bbox 671 2694 907 2757; x_wconf 67' lang='lat' dir='ltr'><strong>lacuna</strong></span> <span class='ocrx_word' id='word_1_221' title='bbox 951 2692 1364 2757; x_wconf 82' lang='lat' dir='ltr'><strong>obscuratur.</strong></span> <span class='ocrx_word' id='word_1_222' title='bbox 1452 2692 1735 2757; x_wconf 83' lang='lat' dir='ltr'><strong>Scaurus</strong></span> <span class='ocrx_word' id='word_1_223' title='bbox 1760 2692 1921 2756; x_wconf 78' lang='lat' dir='ltr'><strong>item</strong></span> <span class='ocrx_word' id='word_1_224' title='bbox 1954 2716 2209 2779; x_wconf 75' lang='lat' dir='ltr'><strong>migra-</strong></span> 
     </span>
     <span class='ocr_line' id='line_1_28' title="bbox 120 2775 2211 2865; baseline -0.002 -21"><span class='ocrx_word' id='word_1_225' title='bbox 120 2782 291 2845; x_wconf 83' lang='lat' dir='ltr'><strong>visse</strong></span> <span class='ocrx_word' id='word_1_226' title='bbox 319 2777 401 2841; x_wconf 87' lang='lat' dir='ltr'><strong>ad</strong></span> <span class='ocrx_word' id='word_1_227' title='bbox 431 2775 702 2865; x_wconf 88' lang='lat' dir='ltr'><strong>plebem</strong></span> <span class='ocrx_word' id='word_1_228' title='bbox 748 2778 986 2841; x_wconf 81' lang='lat' dir='ltr'><strong>diserte</strong></span> <span class='ocrx_word' id='word_1_229' title='bbox 1021 2798 1164 2840; x_wconf 89' lang='lat' dir='ltr'><strong>non</strong></span> <span class='ocrx_word' id='word_1_230' title='bbox 1206 2776 1478 2840; x_wconf 80' lang='lat' dir='ltr'><strong>dicitur:</strong></span> <span class='ocrx_word' id='word_1_231' title='bbox 1524 2775 1636 2839; x_wconf 87' lang='lat' dir='ltr'><strong>sed</strong></span> <span class='ocrx_word' id='word_1_232' title='bbox 1676 2775 1905 2862; x_wconf 84' lang='lat' dir='ltr'><strong>potius</strong></span> <span class='ocrx_word' id='word_1_233' title='bbox 1934 2776 2211 2861; x_wconf 87' lang='lat' dir='ltr'><strong>fingitur</strong></span> 
     </span>
     <span class='ocr_line' id='line_1_29' title="bbox 120 2856 2209 2943; baseline -0.003 -15"><span class='ocrx_word' id='word_1_234' title='bbox 120 2866 188 2928; x_wconf 89' lang='lat' dir='ltr'><strong>id</strong></span> <span class='ocrx_word' id='word_1_235' title='bbox 221 2862 494 2928; x_wconf 87' lang='lat' dir='ltr'><strong>studere</strong></span> <span class='ocrx_word' id='word_1_236' title='bbox 523 2861 593 2926; x_wconf 87' lang='lat' dir='ltr'><strong>C.</strong></span> <span class='ocrx_word' id='word_1_237' title='bbox 623 2860 936 2925; x_wconf 74' lang='lat' dir='ltr'><strong>Claudius</strong></span> <span class='ocrx_word' id='word_1_238' title='bbox 961 2858 1176 2923; x_wconf 89' lang='lat' dir='ltr'><strong>Publii</strong></span> <span class='ocrx_word' id='word_1_239' title='bbox 1197 2858 1406 2923; x_wconf 80' lang='lat' dir='ltr'><strong>frater</strong></span> <span class='ocrx_word' id='word_1_240' title='bbox 1427 2870 1493 2923; x_wconf 88' lang='lat' dir='ltr'><strong>et</strong></span> <span class='ocrx_word' id='word_1_241' title='bbox 1518 2860 1818 2923; x_wconf 79' lang='lat' dir='ltr'><strong>imitator</strong></span> <span class='ocrx_word' id='word_1_242' title='bbox 1860 2856 1957 2943; x_wconf 88' lang='lat' dir='ltr'><strong>(si</strong></span> <span class='ocrx_word' id='word_1_243' title='bbox 1983 2871 2209 2925; x_wconf 83' lang='lat' dir='ltr'><strong>tamen</strong></span> 
     </span>
     <span class='ocr_line' id='line_1_30' title="bbox 122 2938 2214 3033; baseline -0.004 -21"><span class='ocrx_word' id='word_1_244' title='bbox 122 2959 183 3012; x_wconf 86' lang='lat' dir='ltr'><strong>et</strong></span> <span class='ocrx_word' id='word_1_245' title='bbox 208 2948 266 3011; x_wconf 89' lang='lat' dir='ltr'><strong>is</strong></span> <span class='ocrx_word' id='word_1_246' title='bbox 287 2946 480 3033; x_wconf 78' lang='lat' dir='ltr'><strong>locus</strong></span> <span class='ocrx_word' id='word_1_247' title='bbox 515 2954 732 3008; x_wconf 88' lang='lat' dir='ltr'><strong>certus</strong></span> <span class='ocrx_word' id='word_1_248' title='bbox 767 2938 902 3028; x_wconf 84' lang='lat' dir='ltr'><strong>est)</strong></span> <span class='ocrx_word' id='word_1_249' title='bbox 931 2942 1042 3005; x_wconf 86' lang='lat' dir='ltr'><strong>cui</strong></span> <span class='ocrx_word' id='word_1_250' title='bbox 1062 2943 1160 3007; x_wconf 87' lang='lat' dir='ltr'><strong>rei</strong></span> <span class='ocrx_word' id='word_1_251' title='bbox 1181 2940 1405 3008; x_wconf 82' lang='lat' dir='ltr'><strong>favent</strong></span> <span class='ocrx_word' id='word_1_252' title='bbox 1435 2962 1605 3029; x_wconf 82' lang='lat' dir='ltr'><strong>quae</strong></span> <span class='ocrx_word' id='word_1_253' title='bbox 1628 2941 1941 3005; x_wconf 85' lang='lat' dir='ltr'><strong>dicuntur</strong></span> <span class='ocrx_word' id='word_1_254' title='bbox 1969 2965 2003 3003; x_wconf 93' lang='lat' dir='ltr'><strong>a</strong></span> <span class='ocrx_word' id='word_1_255' title='bbox 2035 2941 2214 3004; x_wconf 82' lang='lat' dir='ltr'><strong>Tul-</strong></span> 
     </span>
     <span class='ocr_line' id='line_1_31' title="bbox 116 3028 671 3097; baseline -0.005 -3"><span class='ocrx_word' id='word_1_256' title='bbox 116 3031 208 3097; x_wconf 90' lang='lat' dir='ltr'><strong>lio</strong></span> <span class='ocrx_word' id='word_1_257' title='bbox 241 3032 319 3095; x_wconf 85' lang='lat' dir='ltr'><strong>‘m</strong></span> <span class='ocrx_word' id='word_1_258' title='bbox 351 3028 671 3095; x_wconf 85' lang='lat' dir='ltr'><strong>oratione.</strong></span> 
     </span>
    </p>
   </div>
   <div class='ocr_carea' id='block_1_4' title="bbox 38 3210 2215 3397">
    <p class='ocr_par' dir='ltr' id='par_1_5' title="bbox 38 3210 2215 3397">
     <span class='ocr_line' id='line_1_32' title="bbox 301 3210 2215 3306; baseline -0.005 -21"><span class='ocrx_word' id='word_1_259' title='bbox 301 3224 409 3291; x_wconf 84' lang='lat'><strong>15.</strong></span> <span class='ocrx_word' id='word_1_260' title='bbox 493 3216 662 3283; x_wconf 89' lang='lat' dir='ltr'><strong>Eam</strong></span> <span class='ocrx_word' id='word_1_261' title='bbox 701 3213 1097 3306; x_wconf 80' lang='lat' dir='ltr'><strong>particulam</strong></span> <span class='ocrx_word' id='word_1_262' title='bbox 1133 3212 1450 3279; x_wconf 84' lang='lat' dir='ltr'><strong>orationis</strong></span> <span class='ocrx_word' id='word_1_263' title='bbox 1482 3227 1616 3301; x_wconf 87' lang='lat' dir='ltr'><strong>pro</strong></span> <span class='ocrx_word' id='word_1_264' title='bbox 1643 3210 1926 3277; x_wconf 82' lang='lat' dir='ltr'><strong>Scauro:</strong></span> <span class='ocrx_word' id='word_1_265' title='bbox 1974 3218 2215 3297; x_wconf 76' lang='lat' dir='ltr'><strong>quantc</strong></span> 
     </span>
     <span class='ocr_line' id='line_1_33' title="bbox 38 3293 2213 3397; baseline -0.006 -25"><span class='ocrx_word' id='word_1_266' title='bbox 38 3360 40 3389; x_wconf 36' lang='grc' dir='ltr'>ς</span> <span class='ocrx_word' id='word_1_267' title='bbox 123 3305 308 3397; x_wconf 76' lang='lat' dir='ltr'><strong>quod</strong></span> <span class='ocrx_word' id='word_1_268' title='bbox 349 3300 644 3371; x_wconf 75' lang='lat' dir='ltr'><strong>habehat</strong></span> <span class='ocrx_word' id='word_1_269' title='bbox 672 3314 792 3367; x_wconf 87' lang='lat' dir='ltr'><strong>etc.</strong></span> <span class='ocrx_word' id='word_1_270' title='bbox 849 3321 1053 3387; x_wconf 85' lang='lat' dir='ltr'><strong>quam</strong></span> <span class='ocrx_word' id='word_1_271' title='bbox 1097 3298 1298 3380; x_wconf 89' lang='lat' dir='ltr'><strong>olim,</strong></span> <span class='ocrx_word' id='word_1_272' title='bbox 1343 3295 1648 3387; x_wconf 82' lang='lat' dir='ltr'><strong>(punctis</strong></span> <span class='ocrx_word' id='word_1_273' title='bbox 1676 3309 1900 3369; x_wconf 83' lang='lat' dir='ltr'><strong>tamen</strong></span> <span class='ocrx_word' id='word_1_274' title='bbox 1938 3293 2213 3359; x_wconf 84' lang='lat' dir='ltr'><strong>conclu-</strong></span> 
     </span>
    </p>
   </div>
   <div class='ocr_carea' id='block_1_5' title="bbox 188 3478 2321 3557">
    <p class='ocr_par' dir='ltr' id='par_1_6' title="bbox 188 3478 2321 3557">
     <span class='ocr_line' id='line_1_34' title="bbox 188 3478 2321 3557; baseline -0.007 -11"><span class='ocrx_word' id='word_1_275' title='bbox 188 3490 294 3557; x_wconf 86' lang='grc'><strong>86)</strong></span> <span class='ocrx_word' id='word_1_276' title='bbox 347 3486 496 3544; x_wconf 73' lang='lat' dir='ltr'><strong>Edit.</strong></span> <span class='ocrx_word' id='word_1_277' title='bbox 547 3486 664 3543; x_wconf 75' lang='lat' dir='ltr'><strong>xil.</strong></span> <span class='ocrx_word' id='word_1_278' title='bbox 713 3503 768 3555; x_wconf 83' lang='lat' dir='ltr'><strong>p.</strong></span> <span class='ocrx_word' id='word_1_279' title='bbox 818 3486 904 3541; x_wconf 81' lang='lat'><strong>52.</strong></span> <span class='ocrx_word' id='word_1_280' title='bbox 932 3512 1006 3524; x_wconf 89' lang='lat'>—</span> <span class='ocrx_word' id='word_1_281' title='bbox 1039 3485 1128 3539; x_wconf 66' lang='lat'><strong>53.</strong></span> <span class='ocrx_word' id='word_1_282' title='bbox 1225 3481 1606 3537; x_wconf 74' lang='lat' dir='ltr'><strong>exhibeantur.</strong></span> <span class='ocrx_word' id='word_1_283' title='bbox 1678 3488 1817 3535; x_wconf 79' lang='lat' dir='ltr'><strong>Sunt</strong></span> <span class='ocrx_word' id='word_1_284' title='bbox 1850 3478 2093 3535; x_wconf 81' lang='lat' dir='ltr'><strong>enimin</strong></span> <span class='ocrx_word' id='word_1_285' title='bbox 2121 3494 2217 3535; x_wconf 86' lang='lat' dir='ltr'><strong>co·-</strong></span> <span class='ocrx_word' id='word_1_286' title='bbox 2312 3511 2321 3520; x_wconf 92' lang='lat'><strong>·</strong></span> 
     </span>
    </p>
   </div>
   <div class='ocr_carea' id='block_1_6' title="bbox 40 3548 2221 4233">
    <p class='ocr_par' dir='ltr' id='par_1_7' title="bbox 40 3520 2218 3637">
     <span class='ocr_line' id='line_1_35' title="bbox 40 3548 2218 3637; baseline -0.007 -23"><span class='ocrx_word' id='word_1_287' title='bbox 40 3554 43 3637; x_wconf 50' lang='lat' dir='ltr'>J</span> <span class='ocrx_word' id='word_1_288' title='bbox 127 3560 323 3628; x_wconf 82' lang='lat' dir='ltr'><strong>[*hui.</strong></span> <span class='ocrx_word' id='word_1_289' title='bbox 351 3556 440 3613; x_wconf 81' lang='lat' dir='ltr'><strong>ed.</strong></span> <span class='ocrx_word' id='word_1_290' title='bbox 465 3572 524 3627; x_wconf 75' lang='lat' dir='ltr'><strong>p.</strong></span> <span class='ocrx_word' id='word_1_291' title='bbox 554 3558 672 3611; x_wconf 87' lang='grc'><strong>188.</strong></span> <span class='ocrx_word' id='word_1_292' title='bbox 703 3555 902 3621; x_wconf 80' lang='grc'><strong>191.*]</strong></span> <span class='ocrx_word' id='word_1_293' title='bbox 1226 3552 1351 3604; x_wconf 86' lang='lat' dir='ltr'><strong>dice</strong></span> <span class='ocrx_word' id='word_1_294' title='bbox 1375 3552 1638 3617; x_wconf 79' lang='lat' dir='ltr'><strong>lacunae,</strong></span> <span class='ocrx_word' id='word_1_295' title='bbox 1674 3568 1773 3604; x_wconf 78' lang='lat' dir='ltr'><strong>seu</strong></span> <span class='ocrx_word' id='word_1_296' title='bbox 1800 3567 1978 3603; x_wconf 80' lang='lat' dir='ltr'><strong>vacua</strong></span> <span class='ocrx_word' id='word_1_297' title='bbox 2012 3548 2218 3619; x_wconf 61' lang='lat' dir='ltr'><strong>spatia}</strong></span> 
     </span>
    </p>

    <p class='ocr_par' dir='ltr' id='par_1_8' title="bbox 42 3616 2221 4233">
     <span class='ocr_line' id='line_1_36' title="bbox 1225 3616 2219 3683; baseline -0.005 -13"><span class='ocrx_word' id='word_1_298' title='bbox 1225 3629 1354 3671; x_wconf 83' lang='lat' dir='ltr'><strong>sunt</strong></span> <span class='ocrx_word' id='word_1_299' title='bbox 1390 3622 1573 3673; x_wconf 77' lang='lat' dir='ltr'><strong>lineae</strong></span> <span class='ocrx_word' id='word_1_300' title='bbox 1614 3620 1909 3683; x_wconf 79' lang='lat' dir='ltr'><strong>evanidae3</strong></span> <span class='ocrx_word' id='word_1_301' title='bbox 1962 3626 2091 3669; x_wconf 83' lang='lat' dir='ltr'><strong>sunt</strong></span> <span class='ocrx_word' id='word_1_302' title='bbox 2125 3616 2219 3666; x_wconf 82' lang='lat' dir='ltr'><strong>fu-</strong></span> 
     </span>
     <span class='ocr_line' id='line_1_37' title="bbox 191 3684 2219 3761; baseline -0.01 -9"><span class='ocrx_word' id='word_1_303' title='bbox 191 3694 266 3751; x_wconf 77' lang='lat'><strong>87</strong></span> <span class='ocrx_word' id='word_1_304' title='bbox 278 3696 304 3761; x_wconf 90' lang='lat'>)</span> <span class='ocrx_word' id='word_1_305' title='bbox 343 3694 599 3748; x_wconf 77' lang='lat' dir='ltr'><strong>*Verum</strong></span> <span class='ocrx_word' id='word_1_306' title='bbox 633 3696 827 3740; x_wconf 82' lang='lat' dir='ltr'><strong>tamen</strong></span> <span class='ocrx_word' id='word_1_307' title='bbox 860 3705 961 3739; x_wconf 84' lang='lat' dir='ltr'><strong>nos</strong></span> <span class='ocrx_word' id='word_1_308' title='bbox 1001 3695 1126 3740; x_wconf 85' lang='lat' dir='ltr'><strong>tum</strong></span> <span class='ocrx_word' id='word_1_309' title='bbox 1225 3689 1438 3758; x_wconf 76' lang='lat' dir='ltr'><strong>gientes</strong></span> <span class='ocrx_word' id='word_1_310' title='bbox 1495 3689 1752 3749; x_wconf 58' lang='lat' dir='ltr'><strong>litteram</strong></span> <span class='ocrx_word' id='word_1_311' title='bbox 1820 3687 1963 3737; x_wconf 80' lang='lat' dir='ltr'><strong>haec</strong></span> <span class='ocrx_word' id='word_1_312' title='bbox 2028 3684 2219 3735; x_wconf 80' lang='lat' dir='ltr'><strong>omnia</strong></span> 
     </span>
     <span class='ocr_line' id='line_1_38' title="bbox 42 3754 2219 3829; baseline -0.008 -11"><span class='ocrx_word' id='word_1_313' title='bbox 42 3754 44 3759; x_wconf 55' lang='grc'><strong>’</strong></span> <span class='ocrx_word' id='word_1_314' title='bbox 119 3764 373 3817; x_wconf 79' lang='lat' dir='ltr'><strong>fortasse</strong></span> <span class='ocrx_word' id='word_1_315' title='bbox 399 3760 683 3829; x_wconf 77' lang='lat' dir='ltr'><strong>aliquanto</strong></span> <span class='ocrx_word' id='word_1_316' title='bbox 715 3755 877 3807; x_wconf 84' lang='lat' dir='ltr'><strong>aliter</strong></span> <span class='ocrx_word' id='word_1_317' title='bbox 898 3754 1126 3808; x_wconf 78' lang='lat' dir='ltr'><strong>lacunas</strong></span> <span class='ocrx_word' id='word_1_318' title='bbox 1225 3756 1436 3808; x_wconf 84' lang='lat' dir='ltr'><strong>rectius</strong></span> <span class='ocrx_word' id='word_1_319' title='bbox 1476 3758 1597 3825; x_wconf 79' lang='lat' dir='ltr'><strong>ipsa</strong></span> <span class='ocrx_word' id='word_1_320' title='bbox 1641 3756 1769 3807; x_wconf 81' lang='lat' dir='ltr'><strong>folii</strong></span> <span class='ocrx_word' id='word_1_321' title='bbox 1825 3754 2069 3823; x_wconf 77' lang='lat' dir='ltr'><strong>imagine</strong></span> <span class='ocrx_word' id='word_1_322' title='bbox 2128 3764 2219 3801; x_wconf 84' lang='lat' dir='ltr'><strong>re-</strong></span> 
     </span>
     <span class='ocr_line' id='line_1_39' title="bbox 121 3816 2221 3941; baseline -0.013 -57"><span class='ocrx_word' id='word_1_323' title='bbox 121 3829 596 3901; x_wconf 81' lang='lat' dir='ltr'><strong>supplevissemus</strong></span> <span class='ocrx_word' id='word_1_324' title='bbox 634 3824 708 3876; x_wconf 86' lang='lat' dir='ltr'><strong>ad</strong></span> <span class='ocrx_word' id='word_1_325' title='bbox 747 3824 793 3892; x_wconf 73' lang='grc'><strong>5.</strong></span> <span class='ocrx_word' id='word_1_326' title='bbox 836 3821 923 3877; x_wconf 76' lang='grc'><strong>84.</strong></span> <span class='ocrx_word' id='word_1_327' title='bbox 1010 3825 1126 3873; x_wconf 75' lang='lat' dir='ltr'><strong>Ne-</strong></span> <span class='ocrx_word' id='word_1_328' title='bbox 1225 3833 1667 3941; x_wconf 62' lang='lat' dir='ltr'><strong>praesentantur,</strong></span> <span class='ocrx_word' id='word_1_329' title='bbox 1704 3838 1873 3891; x_wconf 70' lang='lat' dir='ltr'><strong>quam</strong></span> <span class='ocrx_word' id='word_1_330' title='bbox 1896 3819 2095 3872; x_wconf 64' lang='lat' dir='ltr'><strong>verbis,</strong></span> <span class='ocrx_word' id='word_1_331' title='bbox 2146 3816 2221 3869; x_wconf 81' lang='grc' dir='ltr'><strong>Π.</strong></span> 
     </span>
     <span class='ocr_line' id='line_1_40' title="bbox 123 3886 2219 3970; baseline -0.015 -16"><span class='ocrx_word' id='word_1_332' title='bbox 123 3918 236 3970; x_wconf 79' lang='lat' dir='ltr'><strong>que</strong></span> <span class='ocrx_word' id='word_1_333' title='bbox 268 3912 569 3969; x_wconf 84' lang='lat' dir='ltr'><strong>possumus</strong></span> <span class='ocrx_word' id='word_1_334' title='bbox 592 3910 704 3946; x_wconf 86' lang='lat' dir='ltr'><strong>non</strong></span> <span class='ocrx_word' id='word_1_335' title='bbox 731 3890 975 3960; x_wconf 78' lang='lat' dir='ltr'><strong>probare</strong></span> <span class='ocrx_word' id='word_1_336' title='bbox 991 3892 1127 3958; x_wconf 79' lang='lat' dir='ltr'><strong>Pey-</strong></span> <span class='ocrx_word' id='word_1_337' title='bbox 1251 3890 1328 3943; x_wconf 81' lang='lat' dir='ltr'><strong>ud</strong></span> <span class='ocrx_word' id='word_1_338' title='bbox 1369 3907 1592 3960; x_wconf 64' lang='lat' dir='ltr'><strong>quoque</strong></span> <span class='ocrx_word' id='word_1_339' title='bbox 1630 3886 1919 3942; x_wconf 61' lang='lat' dir='ltr'><strong>commodi</strong></span> <span class='ocrx_word' id='word_1_340' title='bbox 1956 3886 2088 3937; x_wconf 62' lang='lat' dir='ltr'><strong>inde</strong></span> <span class='ocrx_word' id='word_1_341' title='bbox 2118 3890 2219 3948; x_wconf 58' lang='lat' dir='ltr'><strong>at,</strong></span> 
     </span>
     <span class='ocr_line' id='line_1_41' title="bbox 121 3954 2220 4026; baseline -0.008 -5"><span class='ocrx_word' id='word_1_342' title='bbox 121 3969 280 4021; x_wconf 78' lang='lat' dir='ltr'><strong>renis</strong></span> <span class='ocrx_word' id='word_1_343' title='bbox 328 3968 400 4019; x_wconf 86' lang='lat' dir='ltr'><strong>de</strong></span> <span class='ocrx_word' id='word_1_344' title='bbox 442 3964 662 4017; x_wconf 84' lang='lat' dir='ltr'><strong>ratione</strong></span> <span class='ocrx_word' id='word_1_345' title='bbox 701 3958 930 4011; x_wconf 81' lang='lat' dir='ltr'><strong>huiusce</strong></span> <span class='ocrx_word' id='word_1_346' title='bbox 971 3974 1128 4010; x_wconf 85' lang='lat' dir='ltr'><strong>com-</strong></span> <span class='ocrx_word' id='word_1_347' title='bbox 1185 3998 1192 4001; x_wconf 93' lang='lat'>.</span> <span class='ocrx_word' id='word_1_348' title='bbox 1226 3960 1381 4026; x_wconf 81' lang='lat' dir='ltr'><strong>quod</strong></span> <span class='ocrx_word' id='word_1_349' title='bbox 1446 3974 1638 4009; x_wconf 84' lang='lat' dir='ltr'><strong>omnes</strong></span> <span class='ocrx_word' id='word_1_350' title='bbox 1694 3957 1929 4008; x_wconf 70' lang='lat' dir='ltr'><strong>lacunae</strong></span> <span class='ocrx_word' id='word_1_351' title='bbox 1987 3954 2220 4005; x_wconf 82' lang='lat' dir='ltr'><strong>demon-</strong></span> 
     </span>
     <span class='ocr_line' id='line_1_42' title="bbox 119 4022 2221 4141; baseline -0.009 -52"><span class='ocrx_word' id='word_1_352' title='bbox 119 4035 399 4089; x_wconf 83' lang='lat' dir='ltr'><strong>mentarii</strong></span> <span class='ocrx_word' id='word_1_353' title='bbox 416 4032 614 4087; x_wconf 81' lang='lat' dir='ltr'><strong>edendi</strong></span> <span class='ocrx_word' id='word_1_354' title='bbox 629 4027 922 4082; x_wconf 79' lang='lat' dir='ltr'><strong>consilium</strong></span> <span class='ocrx_word' id='word_1_355' title='bbox 935 4026 1126 4105; x_wconf 41' lang='lat' dir='ltr'><strong>1²⁹aess</strong></span> <span class='ocrx_word' id='word_1_356' title='bbox 1227 4034 1477 4078; x_wconf 85' lang='lat' dir='ltr'><strong>strentur</strong></span> <span class='ocrx_word' id='word_1_357' title='bbox 1495 4024 1587 4077; x_wconf 76' lang='lat' dir='ltr'><strong>vel</strong></span> <span class='ocrx_word' id='word_1_358' title='bbox 1614 4024 1685 4077; x_wconf 72' lang='lat' dir='ltr'><strong>iis</strong></span> <span class='ocrx_word' id='word_1_359' title='bbox 1722 4024 1783 4077; x_wconf 84' lang='lat' dir='ltr'><strong>in</strong></span> <span class='ocrx_word' id='word_1_360' title='bbox 1807 4022 1975 4089; x_wconf 86' lang='lat' dir='ltr'><strong>locis,</strong></span> <span class='ocrx_word' id='word_1_361' title='bbox 2009 4022 2221 4141; x_wconf 44' lang='lat' dir='ltr'><strong>inqui-3</strong></span> 
     </span>
     <span class='ocr_line' id='line_1_43' title="bbox 122 4092 2220 4175; baseline -0.013 -6"><span class='ocrx_word' id='word_1_362' title='bbox 122 4141 160 4169; x_wconf 75' lang='lat' dir='ltr'><strong>n</strong></span> <span class='ocrx_word' id='word_1_363' title='bbox 171 4102 548 4175; x_wconf 75' lang='lat' dir='ltr'><strong>Singulorum</strong></span> <span class='ocrx_word' id='word_1_364' title='bbox 595 4098 867 4151; x_wconf 82' lang='lat' dir='ltr'><strong>foliorum</strong></span> <span class='ocrx_word' id='word_1_365' title='bbox 928 4110 1170 4165; x_wconf 55' lang='grc' dir='ltr'><strong>ωηεν.</strong></span> <span class='ocrx_word' id='word_1_366' title='bbox 1226 4092 1331 4145; x_wconf 72' lang='lat' dir='ltr'><strong>bus</strong></span> <span class='ocrx_word' id='word_1_367' title='bbox 1385 4098 1679 4147; x_wconf 72' lang='lat' dir='ltr'><strong>contextu·</strong></span> <span class='ocrx_word' id='word_1_368' title='bbox 1760 4092 1981 4162; x_wconf 69' lang='lat' dir='ltr'><strong>integer</strong></span> <span class='ocrx_word' id='word_1_369' title='bbox 2046 4107 2093 4142; x_wconf 71' lang='lat' dir='ltr'><strong>vi</strong></span> <span class='ocrx_word' id='word_1_370' title='bbox 2138 4105 2220 4142; x_wconf 81' lang='lat' dir='ltr'><strong>en</strong></span> 
     </span>
     <span class='ocr_line' id='line_1_44' title="bbox 118 4162 1478 4233; baseline -0.012 -10"><span class='ocrx_word' id='word_1_371' title='bbox 118 4190 222 4226; x_wconf 77' lang='lat' dir='ltr'><strong>nes</strong></span> <span class='ocrx_word' id='word_1_372' title='bbox 261 4173 487 4229; x_wconf 73' lang='lat' dir='ltr'><strong>minuta</strong></span> <span class='ocrx_word' id='word_1_373' title='bbox 527 4176 584 4221; x_wconf 82' lang='lat' dir='ltr'><strong>et</strong></span> <span class='ocrx_word' id='word_1_374' title='bbox 631 4166 790 4219; x_wconf 73' lang='lat' dir='ltr'><strong>anxia</strong></span> <span class='ocrx_word' id='word_1_375' title='bbox 841 4162 1128 4233; x_wconf 74' lang='lat' dir='ltr'><strong>diligentia</strong></span> <span class='ocrx_word' id='word_1_376' title='bbox 1225 4164 1478 4232; x_wconf 68' lang='lat' dir='ltr'><strong>potest.&#39;“</strong></span> 
     </span>
    </p>
   </div>
  </div>
 </body>
</html>
