2859 4617
520 320 653 386 278
822 364 831 371 -
1006 312 1421 397 ADDENDA
1462 312 1586 383 ΕΤ
1635 308 2108 398 ΕΧῦῖΠὶὸΰβ

520 488 664 577 ipse
688 506 912 555 secum
934 486 1413 577 improbaverit
1438 498 1504 553 et
1530 478 2080 555 condemnaverit.
2164 476 2362 549 Hunc
2387 479 2620 549 Tullii

520 574 827 638 animum
854 579 1173 638 testatum
1200 566 1389 653 facit,
1430 574 1488 639 si
1559 570 1674 638 nid
1689 572 1904 649 vide0,
1945 564 2462 633 elaboratissima
2488 567 2616 633 illa

525 653 827 755 Epistola
868 656 950 722 ad
972 655 1334 723 Lentulum
1362 595 1587 723 Libfi.
1633 656 1718 721 ad
1757 654 1908 721 Div.
1941 659 2042 733 9.,
2083 651 2156 717 in
2201 670 2335 753 qua
2377 654 2608 719 amico

525 740 906 821 sciscitanti,
948 760 1071 805 cur
1100 740 1389 821 Caesari,
1429 740 1689 829 Appio,
1731 738 1966 804 Crasso
2001 746 2066 801 et
2091 734 2380 815 VatiniO,
2427 760 2610 824 quos

525 833 605 888 ut
632 824 911 911 quisque
937 836 1074 891 erat
1149 826 1347 891 atriae
1367 849 1439 891 ac
1463 824 1782 890 libertatis
1811 820 2322 901 amantissimus,
2333 822 2433 897 ita,
2446 844 2611 889 ma-.

526 907 713 975 xime
734 906 989 975 habere·
1011 846 1286 977 degebat
1310 908 1615 988 infestos,
1653 904 2109 991 reconciliatus
2125 986 2134 991 .
2153 905 2273 985 sit,
2309 906 2610 971 rationes

522 988 699 1059 illius
728 986 889 1059 facti
919 993 1221 1083 exponit,
1262 1015 1548 1083 operosa
1580 1003 1644 1058 et
1669 992 1864 1056 anxia
1889 988 2176 1076 quadam
2199 1010 2358 1053 usus
2386 1011 2611 1055 excu-

524 1074 812 1155 satione,
856 1098 987 1161 qua
1030 1077 1243 1143 amico
1289 1074 1719 1155 satisfaceret,
1759 1074 1983 1161 ibique
2027 1074 2252 1139 omnia
2280 1072 2357 1137 ad
2379 1072 2607 1137 Pom-

524 1156 679 1246 peii,
720 1159 975 1248 optime
1003 1158 1083 1225 de
1106 1183 1175 1241 se
1204 1161 1446 1245 meriti,
1486 1158 2020 1227 intercessionem
2052 1167 2118 1223 et
2147 1156 2604 1224 auctoritatem

525 1238 752 1339 refert.
836 1240 1055 1331 Atque
1094 1244 1299 1309 istum
1340 1244 1671 1311 Ciceronis
1710 1245 1784 1309 in
1817 1242 2104 1330 gratiam
2142 1262 2296 1307 cum
2324 1240 2605 1305 Vatinio

526 1324 823 1391 reditum
867 1348 1007 1393 non
1053 1328 1540 1409 voluntarium,
1595 1326 1712 1395 sed
1751 1326 2090 1407 coactum',
2139 1346 2360 1411 neque
2395 1326 2494 1389 ex*
2530 1346 2612 1390 ea

530 1408 734 1473 animi
778 1411 1205 1497 persuasione
1242 1411 1448 1480 fiiisse
1479 1413 1865 1505 profectum
1880 1458 1902 1493 ,
1959 1430 2094 1499 qua
2131 1409 2338 1473 istum
2373 1406 2610 1473 homi-

474 1538 495 1559 .
530 1512 688 1557 nem
716 1514 859 1559 non
880 1492 1043 1562 adeo
1066 1496 1325 1563 malum
1350 1521 1508 1577 esse,
1596 1520 1754 1563 uam
1784 1508 1990 1573 antea,
2025 1494 2300 1586 putarit,
2323 1493 2614 1558 demon-

530 1586 699 1643 strat
734 1577 1024 1643 eiusdem
1061 1582 1337 1671 epistola
1378 1582 1529 1647 Lib.
1625 1627 1644 1645 .
1681 1580 1763 1647 ad
1793 1581 1942 1645 Div.
1993 1586 2095 1647 11.
2138 1578 2221 1641 ad
2263 1578 2614 1641 Vatinium

530 1658 1009 1757 imperatorem
1046 1688 1105 1731 a.
1146 1666 1225 1731 V.
1269 1666 1340 1729 C.
1382 1674 1528 1735 709.
1574 1667 1743 1734 data.
1829 1663 2017 1728 Publ.
2061 1661 2362 1729 Vatinius
2409 1662 2612 1740 enim,

530 1765 649 1893 illu
672 1755 831 1833 post
906 1768 1231 1817 ancorum
1257 1750 1519 1817 dierum
1548 1772 1704 1817 cum
1732 1750 1814 1831 Q.
1847 1746 2037 1813 Fufio
2068 1744 2312 1811 Caleno
2343 1744 2615 1809 Consu-

562 1840 751 1893 atum
776 1852 833 1895 a.
928 1878 944 1895 .
978 1832 1053 1897 C.
1080 1840 1227 1901 707.
1266 1857 1306 1901 a
1327 1834 1596 1899 Caesare
1623 1832 1957 1901 Dictatore
1985 1832 2064 1896 ad
2093 1828 2362 1915 Illyrios
2393 1831 2615 1893 conti-

530 1912 783 1975 nendos
807 1935 963 1979 cum
990 1918 1285 1982 exercitu
1312 1918 1554 1983 missus
1585 1914 1613 2005 (
1625 1939 1690 1983 v.
1715 1918 1820 2005 Ap
1873 1918 2001 1981 ian.
2030 1911 2220 2001 Illyr.
2249 1936 2307 1977 c.
2327 1922 2426 1983 18.
2461 1912 2618 1977 Τ.Ι.

530 2017 601 2082 p.
628 2002 773 2064 847.
803 1996 1056 2093 Schw.)
1088 2011 1153 2064 et
1180 2001 1270 2065 ob
1306 2024 1413 2066 res
1451 2002 1542 2067 ibi
1567 2012 1778 2089 gestas
1857 2010 2198 2087 inperator
2238 1996 2620 2085 appellatus

469 2151 475 2159 .
534 2090 696 2158 erat,
710 2078 793 2145 ad
809 2080 1192 2150 C1ceronem
1216 2085 1456 2165 literas,
1524 2096 1897 2153 cramanter
1920 2096 1984 2148 et
2003 2080 2292 2149 officiose
2313 2082 2620 2169 scriptaS,

530 2162 597 2227 Ν
598 2185 801 2259 arona
830 2164 1101 2233 dederat
1124 2166 1223 2255 (v.
1254 2169 1397 2237 Lib.
1483 2220 1498 2237 .
1529 2168 1610 2235 ad
1637 2168 1782 2237 Div.
1811 2176 1872 2238 9.
1905 2164 2043 2255 10.)
2072 2167 2126 2230 ei
2175 2188 2258 2231 ue
2285 2188 2482 2229 suam
2511 2166 2618 2229 di—

530 2258 848 2333 gnitatem
876 2262 1109 2317 contra
1132 2254 1543 2339 pusillorum
1581 2274 1653 2319 ac
1682 2252 2088 2319 malivorum
2113 2274 2155 2314 o
2207 2249 2621 2313 trectationes

534 2341 601 2397 et
620 2332 893 2398 invidias
924 2336 1277 2417 tuendam,
1320 2338 1392 2401 id
1436 2348 1570 2417 est,
1612 2336 2124 2425 supplicationes
2150 2358 2188 2397 a
2211 2333 2460 2401 Senatu
2481 2334 2636 2415 imff

530 2418 883 2566 §attandas
913 2440 1237 2505 suamque
1266 2442 1593 2501 uxorem,
1633 2421 1992 2485 Antoniam
2028 2421 2122 2496 (v.
2151 2416 2285 2482 Cic.
2319 2418 2502 2505 Opp.
2531 2416 2624 2482 Τ.

610 2500 717 2565 v1.
748 2500 818 2566 Ρ.
848 2510 1017 2587 8.,Ρ.
1043 2510 1189 2572 276.
1224 2504 1322 2569 ed.
1356 2502 1664 2593 Schiitz.)
1709 2506 1788 2592 2)
1833 2502 2430 2569 commendaverat.
2515 2500 2624 2567 Ad

534 2584 653 2649 has
678 2582 896 2649 literas
913 2587 1161 2666 CicerO,
1182 2590 1484 2673 quamvis
1509 2588 1948 2688 perofficiose,
1964 2599 2188 2651 tamen
2207 2585 2300 2649 ita
2325 2606 2621 2671 respon-

536 2669 679 2747 det,
721 2678 832 2747 ut,
870 2690 1060 2733 meus
1088 2692 1201 2735 me
1228 2694 1457 2739 sensus
1485 2696 1540 2739 si
1567 2695 1707 2738 non
1735 2671 1939 2751 fallit,
1981 2682 2124 2737 tota
2151 2668 2432 2757 epistola
2461 2668 2622 2757 plus

534 2750 787 2815 ironiae
831 2762 973 2817 atra
996 2752 1236 2819 tinctae
1262 2756 1393 2822 bile
1432 2780 1640 2846 quam
1675 2756 2104 2837 urbanitatis„
2143 2776 2218 2821 ac
2305 2753 2413 2816 lus
2449 2776 2622 2817 con-

534 2835 920 2924 tempti'onis
946 2859 1149 2924 quam
1180 2840 1383 2907 studii
1402 2865 1476 2907 ac
1502 2841 1745 2929 gratiae
1763 2840 2031 2929 prodat.
2073 2836 2153 2927 3)
2305 2859 2478 2903 llum
2503 2858 2624 2905 Ve-

602 3019 675 3087 2)
722 3019 875 3073 *Sed
930 3030 1061 3091 post
1102 3023 1249 3079 hanc
1294 3026 1530 3080 duxerat
1624 3027 1738 3089 κός
1771 3023 1970 3083 τοίνυν
2013 3020 2286 3080 ἀπόλοιτο
2341 3018 2534 3085 aare&
2587 3016 2622 3077 ὁ

534 3090 845 3163 Pompeiam
872 3092 1046 3156 (teste
1070 3092 1185 3149 cic.
1210 3098 1287 3150 ad
1286 3097 1441 3214 1fam.
1457 3098 1527 3149 V.
1677 3093 2004 3161 ευσᾶμενος,
2058 3094 2141 3149 uti
2179 3093 2510 3167 Plutarchus
2559 3090 2620 3143 in

538 3158 637 3231 11,
675 3160 791 3239 2),
838 3165 903 3209 ut
935 3160 1218 3235 suspicor,
1264 3164 1284 3215 i
1328 3182 1421 3216 am
1469 3166 1527 3218 C.
1674 3164 1732 3215 it.
1764 3164 1936 3220 Cicer.
1967 3166 2017 3215 c.
2041 3164 2128 3217 26.
2160 3162 2354 3217 refert.
2421 3162 2619 3227 Neque

537 3229 781 3279 Caesam
832 3228 1116 3283 Pontificis
1160 3234 1235 3285 Μ.
1280 3232 1526 3285 divortio
1623 3241 1905 3303 repugnat
1948 3230 2082 3283 huic
2142 3248 2305 3285 meae
2363 3226 2613 3297 opinioni

536 3293 905 3364 repudiatam.
970 3300 1037 3353 V.
1063 3298 1241 3355 schol.
1268 3300 1343 3353 ad
1364 3322 1445 3357 or.
1465 3307 1529 3357 in
1627 3300 1995 3365 Quintilianus
2015 3304 2054 3351 Ι.
2081 3302 2283 3351 Or.Xl.
2311 3317 2359 3351 c.
2371 3300 2414 3351 1.
2439 3294 2608 3363 §.730

542 3366 691 3417 clod.
716 3365 805 3418 VI.
840 3365 895 3420 3.
1625 3370 1688 3423 in
1731 3387 1844 3441 quo
1893 3366 2220 3437 perdifficili
2255 3368 2382 3419 loco
2417 3364 2482 3415 tle
2527 3362 2616 3413 la-

571 3432 677 3517 a„
715 3439 825 3486 Ista
864 3432 1143 3487 Ciceronis
1198 3452 1331 3491 cum
1376 3436 1532 3493 vati-
1627 3453 1774 3493 cuna
1809 3438 2082 3489 assentior
2108 3436 2428 3490 acutissimo
2465 3436 2624 3483 Butt-

539 3518 635 3556 mo
672 3502 1091 3569 reconciliatio,
1136 3505 1400 3573 Pompeio
1435 3506 1530 3557 in·
1627 3523 1835 3567 manno
1883 3503 1944 3559 in
1997 3504 2135 3561 Add.
2193 3504 2268 3557 ad
2316 3500 2542 3573 Spaldin
2591 3501 2627 3552 ’i

540 3571 863 3623 tercedente
922 3571 1152 3639 effecta,
1222 3590 1337 3625 non
1375 3574 1528 3625 hanc
1621 3576 1771 3631 Edit.
1803 3574 1869 3627 T.
1899 3576 1989 3630 IV.
2013 3589 2070 3643 p.
2095 3576 2215 3629 712.
2249 3586 2362 3623 non
2387 3572 2528 3623 item
2548 3519 2629 3623 {¹1³

538 3637 797 3695 habuisse
836 3640 952 3692 vim
988 3638 1129 3693 mihi
1160 3640 1407 3715 videtur,
1463 3649 1530 3693 ut
1625 3642 2034 3714 supplemento.
2086 3650 2148 3696 A.
2179 3636 2560 3696 'WEIGHERT
2591 3638 2631 3689 l.

540 3728 713 3781 quam
734 3708 944 3762 'Pullius
973 3708 1187 3763 dudum
1210 3720 1532 3783 ‘susceperat
1628 3728 1680 3767 c.
1730 3714 1760 3749 ’¹¹
1776 3716 1898 3776 Quo
1923 3728 2070 3764 anno
2096 3710 2304 3766 Vatinii
2329 3724 2484 3761 mors
2507 3706 2632 3759 fal-

538 3782 601 3833 in
636 3778 921 3835 Vatinium
968 3779 1331 3833 offensionem
1348 3821 1363 3849 ,
1414 3780 1530 3833 odii
1626 3799 1688 3834 so
1713 3782 1967 3833 nuntiata
1996 3780 2194 3845 fuerit,
2227 3778 2368 3830 mihi
2393 3776 2631 3847 quidem

538 3848 691 3901 haud
720 3846 1073 3913 dissimilem,
1120 3848 1427 3919 deponeret
1466 3868 1529 3902 o-
1627 3868 1744 3902 non
1777 3857 2012 3904 constat.
2081 3848 2191 3900 Sed
2225 3848 2348 3900 iure
2385 3853 2628 3913 optumo

538 3934 753 3982 mem,
790 3924 847 3971 ct
877 3916 948 3970 de
974 3934 1041 3969 eo
1068 3918 1215 3973 bene
1243 3920 1526 3973 existima-
1627 3918 2012 3983 Weiohertus,
2048 3916 2448 3971 celeberrimus
2491 3914 2630 3982 phi-

538 3993 661 4037 ret:
694 3984 949 4055 alioquin
968 3986 1087 4051 ille,
1122 4004 1297 4058 quum
1326 3988 1431 4040 sibi
1457 3988 1528 4053 de
1628 3986 1865 4057 lolegus,
1900 4005 1954 4039 n.
1972 3988 2058 4041 31.
2085 3986 2271 4056 arguit
2295 3984 2420 4035 illas
2445 4000 2481 4033 a
2502 3984 2630 4033 Ma-

543 4052 749 4106 vatinii
792 4061 975 4107 morte
1021 4056 1163 4109 falso
1212 4058 1529 4127 nuntiatum
1629 4056 1832 4119 crebis-³,
1855 4061 1974 4113 Sat.
2001 4058 2070 4108 Π.
2099 4072 2148 4107 c.
2177 4054 2229 4109 8.
2257 4052 2504 4132 prolatas
2537 4051 2628 4117 Ci-

546 4126 717 4183 esset,
751 4119 840 4171 vix
876 4122 1144 4189 potuisset
1179 4125 1375 4177 iocari:
1428 4142 1528 4178 κα·
1629 4124 1848 4177 ceronis
1872 4123 2230 4187 urbanitates,
2263 4138 2322 4173 ιιι
2347 4136 2482 4189 quas
2509 4124 2628 4174 Va-
