2859 4617
31 592 33 599 -
30 180 41 561 -·-’-·”“-Ἷ-”->”-’-τ-ι
34 138 43 155 ι
32 0 45 111 -Ετη

482 280 615 361 1„
1266 274 1814 346 ORATIO

480 396 627 516 vius
680 442 911 514 fecisse
954 444 1484 529 existimaretur,
1545 468 1760 545 quom
1823 466 1970 513 eam
2005 444 2564 537 ipse-probasset,

436 576 445 581 ·
530 552 695 597 uam*
723 530 965 615 gratiae
990 530 1337 616 acquisisse
1360 532 1852 597 necessitudinis
1882 532 2026 597 iure
2039 577 2057 609 ,
2164 523 2300 595 uod
2331 554 2416 597 ex
2445 556 2557 597 ea-

528 636 637 679 ern
679 625 961 702 uterque
998 615 1239 681 liberos
1279 614 1590 703 haberet)
1635 638 1854 704 neque
1898 616 2063 681 Cato
2107 640 2141 679 a
2231 615 2560 701 aequitate

480 720 589 776 ea,
664 720 831 784 quae
880 710 942 765 et
992 700 1199 765 vitam
1247 699 1383 765 eius
1430 711 1496 765 et
1535 703 1996 789 magistratum
2030 697 2226 765 ilium
2272 698 2556 783 decebat,

479 804 825 870 quoquam
868 782 1158 851 deflexit.

645 902 804 967 Post
848 901 1024 967 diem
1068 913 1293 969 autem
1332 916 1688 990 quartum,
1743 924 1949 988 quam
2045 902 2372 967 ostulatus
2415 914 2559 969 erat

476 985 793 1065 Scaurus,
854 984 1133 1051 Faustus
1172 986 1355 1051 Sulla
1386 999 1540 1052 tum
1574 987 1939 1067 Quaestor,
2034 986 2158 1051 lius
2185 988 2404 1053 Sullae
2430 987 2558 1053 Fe-

476 1069 614 1135 licis
632 1117 650 1149 ,
699 1068 909 1135 frater
950 1088 1037 1137 ex
1080 1071 1303 1137 eadem
1342 1083 1560 1137 matre
1601 1072 1858 1149 Scauri,
1903 1072 2106 1137 servis
2141 1073 2274 1136 eius
2313 1072 2561 1136 vulne-¹

473 1157 639 1219 ratis
678 1154 993 1242 prosiluit
1029 1174 1121 1221 ex
1162 1155 1394 1221 lectica
1422 1168 1486 1220 et
1531 1167 1801 1244 questus
1843 1166 1938 1221 est
1973 1178 2192 1244 prope
2235 1157 2556 1221 interem-

474 1250 672 1329 ptum
712 1260 847 1305 esse
891 1241 1015 1322 [a]
1058 1240 1612 1331 competitoribus
1652 1241 1882 1307 Scauri
1915 1252 1980 1305 et
2013 1240 2356 1306 ambulare
2395 1260 2553 1306 cum

472 1462 689 1531 familia
702 1463 1055 1535 pertinuerit,
1068 1462 1305 1519 totidem
1335 1472 1464 1519 sunt

468 1532 619 1587 inter
642 1534 924 1591 doctiores
960 1532 1303 1605 antiquarios
1328 1551 1463 1585 con—

468 1605 800 1657 troversiae:
840 1604 909 1657 de
937 1605 1136 1673 quibus
1164 1604 1313 1656 foret
1338 1601 1464 1655 lon-

468 1690 543 1747 ga
572 1672 787 1725 fabula.
860 1675 1147 1752 Sequitur,
1183 1682 1245 1724 ut
1278 1672 1462 1739 video,

470 1739 690 1811 collega
728 1758 883 1793 meus
918 1739 1347 1793 litteratissimus
1392 1741 1460 1793 de

466 1808 920 1877 praenominibus
952 1809 1237 1879 sigonium
1268 1819 1322 1859 et
1339 1808 1465 1861 Rei-

468 1878 686 1929 nesium
730 1886 1058 1933 nostratem.
1166 1882 1233 1929 At
1272 1887 1462 1929 tamen

466 1944 586 2015 ipse
627 1946 902 1999 Manutius
942 1946 1048 1997 isto
1082 1945 1213 1999 loco
1259 1946 1337 1997 ait
1378 1945 1463 1997 di-

466 2022 634 2081 serte,
666 2016 912 2067 Tertiam
940 2015 1109 2067 fuisse
1125 2016 1338 2067 Muciae
1369 2032 1466 2067 co-

468 2099 732 2155 gnomen.
819 2084 1225 2137 Nominabatur
1271 2089 1464 2139 Mucia

473 2156 691 2219 Tertia,
727 2160 851 2219 aut,
898 2154 1049 2224 quod
1083 2153 1315 2223 perinde
1357 2162 1460 2221 est,

472 2226 661 2276 Tertia
688 2227 897 2293 Mucia,
932 2222 1269 2295 cognomine
1298 2238 1460 2293 prae-

466 2290 683 2364 posito,
756 2301 819 2344 ut
874 2296 1095 2366 Crispus
1140 2294 1460 2359 Sallustius,

465 2360 557 2413 vel
581 2363 812 2415 Paullus
828 2366 1115 2417 Aemilius.
1188 2360 1251 2431 [*
1265 2401 1302 2428 „
1319 2364 1460 2415 Nam

464 2429 595 2482 satis
637 2430 865 2499 antiqua
898 2430 1062 2483 debet
1096 2429 1291 2483 haberi
1318 2430 1458 2483 haec

466 2499 809 2551 consuetudo
840 2501 1187 2570 cognominis
1218 2499 1462 2567 ponendi

463 2574 594 2617 ante
621 2567 801 2635 gentis
818 2583 1055 2628 nomem
1091 2584 1273 2635 neque
1287 2572 1431 2621 Fron
1449 2598 1458 2605 ·

465 2648 525 2710 to
570 2634 848 2689 Cornelius
892 2636 1205 2705 appellatur
1233 2643 1457 2687 tantum

462 2718 569 2771 pro
598 2702 713 2753 eius
738 2704 857 2755 aevi
888 2721 1065 2769 more,
1099 2710 1165 2755 ut
1188 2703 1265 2755 ait
1286 2704 1458 2772 ipsius

461 2768 843 2839 Reliquiarum
899 2771 1295 2825 celeberrimus
1342 2772 1456 2823 edi-

460 2846 554 2890 tor
584 2838 948 2893 Berolinensis
986 2860 1039 2911 p.
1068 2840 1217 2895 XIX.
1256 2850 1372 2895 not.
1406 2844 1456 2899 l.

460 2906 642 2963 Multa
672 2910 924 2979 exempla
962 2910 1051 2963 vel
1086 2928 1151 2963 ex
1188 2910 1456 2964 Cicerone

462 2985 521 3032 et
570 2978 722 3031 Livio
780 2980 1010 3052 collegit
1068 2981 1343 3039 Manutius
1394 2981 1495 3036 in·

464 3045 628 3117 Epist.
659 3048 730 3101 ad
756 3048 947 3105 Famil.
974 3053 1051 3117 11,
1083 3050 1135 3105 8.
1173 3050 1454 3103 rationem

414 3164 421 3171 .
460 3114 663 3169 Graeci
716 3120 1013 3172 ostendunt
1055 3119 1307 3191 legitimo
1350 3138 1454 3173 usu

457 3186 699 3253 articuli,
711 3196 774 3239 ut
801 3205 931 3241 cum
960 3188 1151 3241 dicunt
1180 3182 1452 3255 Φρόντων

458 3249 493 3309 ὅ
526 3250 853 3325 Κορνἠὶιος,
887 3267 992 3309 etc.
1046 3257 1198 3307 Adde
1236 3256 1449 3311 Ruhnk.

384 3305 407 3333 ’·
456 3322 529 3375 aa
566 3323 761 3377 Venei.
801 3343 857 3395 p.
891 3325 1049 3381 155.“
1116 3326 1348 3377 namn.
1391 3326 1452 3382 in

416 3392 430 3399 “
456 3394 711 3448 Addend.
737 3410 793 3461 p.
822 3392 1025 3447 XXIII.
1072 3401 1128 3445 et
1164 3396 1347 3447 indice
1389 3411 1448 3463 p.

458 3456 683 3527 103.*‘].
778 3461 987 3513 Deinde
1037 3460 1190 3530 quod
1236 3460 1454 3517 ibidem

456 3528 529 3581 de
568 3526 779 3581 duabus
820 3528 1139 3597 sororibus,
1209 3538 1451 3600 utraque

454 3596 593 3657 natu
634 3596 882 3663 maiore,
918 3608 1151 3667 propter
1184 3598 1326 3653 illud
1354 3617 1450 3653 co-

454 3664 709 3738 gnomen
744 3666 999 3733 Tertiae,
1052 3665 1207 3720 addit
1247 3667 1451 3724 Manu-

453 3738 579 3805 tius,
610 3735 671 3803 vid
694 3752 892 3806 vereor
914 3753 984 3789 ne
997 3738 1309 3805 Rupertum
1333 3754 1450 3791 non

452 3814 577 3859 tam
602 3804 865 3877 latuerit,
899 3822 1068 3876 quam
1110 3822 1226 3860 non
1259 3820 1448 3862 move-

454 3873 545 3927 rit.
618 3880 755 3927 Sunt
794 3874 947 3927 enim
988 3880 1317 3945 argumenta
1342 3873 1448 3925 mi-

454 3936 605 3997 nime
638 3943 1074 4009 contemnenda,
1204 3942 1325 3995 ibus
1352 3942 1446 3995 alii

454 4016 686 4064 utuntur
725 4012 797 4063 ad
834 4010 1129 4082 improban
1170 4029 1264 4065 am
1300 4012 1445 4066 hanc

454 4076 748 4131 rationem.
784 4080 923 4134 Vide
947 4081 1292 4148 ‚Perizonium
1313 4079 1448 4134 Ani-

453 4144 638 4219 mady.
650 4203 655 4211 ,
669 4146 795 4219 hist.
808 4196 819 4221 ‚
831 4164 895 4221 p,
916 4149 1043 4223 114&
1065 4150 1197 4225 edit.
1228 4142 1448 4229 flarlesg.

1322 4244 1337 4267 b

1564 1470 1622 1515 et
1651 1461 1867 1516 Stanisl.
1897 1460 2264 1515 Santinellum
2291 1460 2363 1513 de
2392 1460 2554 1513 disci-
2623 1456 2630 1461 “

1561 1530 1717 1601 plina
1753 1540 1810 1585 et
1850 1548 1993 1586 mor.
2042 1534 2276 1583 Roman.
2313 1530 2552 1583 femina-

1561 1618 1721 1669 rum,
1757 1601 1815 1653 in
1860 1600 1977 1653 eius
2009 1599 2314 1653 Dissertatt.
2357 1602 2556 1656 Venet.

1565 1670 1714 1725 1734.
1799 1709 1812 1721 .
1853 1672 1935 1725 98.
2031 1672 2361 1737 Quanquam
2401 1668 2556 1737 prio-

1559 1756 1683 1791 rem
1730 1756 1748 1789 ι
1795 1756 1887 1789 am
1935 1738 2267 1789 sententiam
2305 1754 2362 1793 se
2405 1738 2556 1789 uitur

1563 1808 1732 1861 etiam
1761 1806 2086 1873 Salmasius,
2123 1806 2310 1859 locum
2387 1820 2418 1859 e
2451 1823 2553 1859 no·

1561 1876 1805 1928 minibus
1853 1876 2112 1927 Romanis
2160 1874 2410 1927 omnium
2448 1892 2557 1927 co·-

1562 1944 1868 2013 piosissime
1893 1954 2138 1997 tractans
2164 1944 2223 1995 in
2253 1946 2554 1996 Commen-

1563 2014 1706 2065 tario
1767 2012 2030 2067 inchoato
2091 2011 2162 2067 ad
2221 2012 2548 2066 Arnobium.

1565 2082 1911 2137 HEINRICH.
2149 2086 2156 2093 '

1628 2150 1978 2235 Aequas-isse}
2019 2152 2166 2202 Haec
2191 2148 2378 2204 forma
2403 2148 2552 2220 apud

1559 2220 1846 2293 sigonium
1892 2228 1994 2271 est·
2014 2230 2067 2271 et
2098 2223 2318 2273 'Hotom.
2389 2218 2550 2289 Apud

1561 2290 1758 2347 GraeV.
1802 2312 1868 2344 ac
1905 2294 2190 2355 uisimsse,
2258 2288 2407 2357 quod
2447 2289 2551 2341 etsi

1557 2360 1750 2429 paullo
1779 2376 1869 2410 me
1895 2359 1977 2409 ius
2008 2367 2120 2419 est,
2153 2374 2324 2427 jquam
2360 2362 2551 2430 acqui-

1559 2434 1743 2495 siisse,
1780 2444 2008 2497 prorsus
2031 2426 2089 2477 id
2118 2426 2421 2479 absurdum
2444 2430 2550 2479 La·

1559 2498 1688 2551 tinis
1725 2498 1985 2561 auribus,
2023 2504 2107 2547 est
2146 2504 2335 2547 tamen
2365 2496 2550 2564 ipsum

1560 2566 1800 2619 deterius
1842 2566 2028 2617 forma
2070 2563 2194 2632 illa,
2255 2582 2422 2634 quam
2460 2582 2550 2622 re-.

1559 2632 1705 2689 duxi.
1742 2636 2083 2685 HEINRICH.
2153 2636 2452 2703 Corruptus
2467 2642 2551 2687 est

1557 2720 1745 2755 versus
1773 2703 1992 2784 Virgilii
2016 2708 2147 2756 Aen.
2173 2706 2238 2767 11,
2262 2706 2350 2757 25.
2385 2704 2548 2774 „Nos

1558 2772 1756 2824 abiisse
1798 2782 1942 2840 rati,
2015 2781 2072 2825 et
2112 2770 2289 2823 ventis
2328 2773 2549 2841 petiisse

1557 2846 1877 2911 Mycenas.“
1951 2842 2106 2893 cuius
2148 2838 2318 2893 facile
2353 2858 2547 2893 reme-

1557 2911 1716 2965 dium
1759 2912 2034 2980 praebent
2078 2910 2230 2979 ipsae
2281 2910 2338 2961 in
2386 2908 2546 2963 libris

1555 2982 1852 3033 varietates
1867 2986 1904 3045 ,⁴
1927 2996 2060 3049 quas
2100 2988 2350 3031 recenset
2388 2978 2545 3031 divus

1551 3060 1888 3120 praeceptor
1901 3064 2072 3105 meus.
2109 3048 2511 3119 corrigendum
2528 3068 2543 3101 ε

1555 3122 1714 3188 „Nos
1762 3124 1818 3173 e't
1856 3120 2030 3173 abisse
2069 3120 2209 3182 rati,
2267 3119 2548 3191 ventisque

1545 3194 1752 3261 petisse
1791 3188 2108 3257 Mycena8.“
2173 3192 2424 3241 IDEM
2449 3189 2544 3243 ιἠ-’έ

1553 3262 1673 3311 dice
1704 3275 1756 3327 p.
1790 3260 1906 3311 102.
1937 3279 1987 3313 a.
2173 3264 2178 3271 ’
2219 3296 2226 3303 ·

1622 3330 1708 3379 Ex
1769 3330 1990 3391 eadem]
2079 3326 2333 3393 {Peyron
2409 3341 2542 3376 cum

1551 3388 1868 3450 Heinrichio
1893 3417 1961 3449 ex
1986 3416 2070 3447 ea.
2301 3446 2308 3453 ,
2535 3453 2544 3467 ἱ

1623 3465 1807 3515 Servis
1829 3466 1946 3516 eius
1969 3464 2268 3516 vulneratis
2282 3489 2352 3499 —
2369 3472 2542 3533 prope

1551 3532 1891 3584 interemtum
1904 3552 2020 3585 esse
2040 3554 2100 3585 se
2116 3553 2151 3584 a
2173 3530 2238 3599 c.]
2253 3530 2543 3601 Legebant

1553 3598 1848 3651 editiones:
1885 3618 2073 3655 servus
2097 3604 2211 3652 eius
2223 3604 2544 3654 vulneratus

1541 3669 1804 3739 prosiluit
1832 3689 1899 3719 ex
1945 3668 2183 3734 lecticis,
2218 3682 2274 3721 et
2321 3683 2542 3739 questus

1549 3750 1632 3807 est
1653 3756 1755 3807 pro
1771 3740 2084 3811 interempto
2101 3757 2214 3789 esse
2227 3741 2541 3809 competito-

1546 3805 1695 3857 ribus
1735 3810 1955 3861 Scauri.
2025 3804 2138 3857 Cl⁸²⁸
2178 3805 2286 3854 Mai
2325 3821 2389 3855 ex
2427 3804 2540 3856 fide'

1548 3872 1759 3925 codicis
1809 3872 2157 3943 'ainbrosi'ani
2212 3874 2350 3943 legit
2396 3876 2544 3957 quod,

1547 3962 1737 3997 servus
1777 3950 1932 4011 cius,¹
1979 3951 2038 3993 at
2088 3942 2226 3993 haec
2258 3942 2540 4011 particula

1548 4012 1928 4081 corruptelam
1963 4028 2077 4061 non
2118 4020 2291 4069 sanat.
2372 4012 2540 4091 Equi-'

1547 4079 1680 4133 dem
1763 4079 2210 4139 emendationem
2307 4078 2540 4145 admisi,

1547 4165 1720 4224 quam
1744 4165 1814 4228 ez
1840 4146 2165 4213 ‘coniectura
2190 4144 2540 4239 Heinricpins

1605 4225 1613 4231 -
1661 4222 1670 4229 0
1765 4218 1812 4234 *Α
1859 4224 1970 4249 ..Ην
2023 4228 2067 4237 ιο.
2115 4224 2146 4237 ιι·
2255 4214 2308 4230 ῑῖ·
2355 4221 2366 4233 δ
2395 4228 2404 4237 s
2456 4230 2465 4237 .
