2859 4617
634 284 1521 397 ⁴PRAEFATi-Q·
1641 327 1779 364 -·
2021 345 2203 427 qn·

96 499 324 583 integro
351 496 584 560 recens
605 494 952 559 adiicerent
964 499 1094 559 saut
1125 494 1597 561 emendationis
1620 496 1849 561 Iocum
1886 494 2149 561 obtine-
2190 508 2197 513 “

17 646 40 665 Ι,
95 593 193 646 ret.
273 580 508 666 Itaque
537 581 608 661 et'
625 591 846 665 partes
879 578 1134 662 aliquot
1154 594 1358 645 novas
1388 580 1459 644 in
1490 592 1757 643 textum
1786 580 2027 656 invexi,
2084 592 2150 643 et

97 664 386 729 vocab-ula
419 662 634 726 multa
665 663 1128 749 praetermissa
1173 664 1483 761 supplevi
1513 676 1579 727 et
1604 664 1859 727 detorta
1888 663 2151 727 correxi

94 759 140 809 et
165 748 437 812 omnino
469 745 626 833 plus
655 756 923 809 centum
951 744 1134 809 locos
1157 759 1403 833 partim
1429 746 1639 811 Tullii
1665 747 1875 833 ipsius
1899 747 2171 830 partim.

88 831 462 895 scholiastae
495 829 788 893 restituit·
849 840 1002 892 tum
1052 830 1248 895 etiam
1292 832 1362 893 in
1403 831 1580 894 notis
1618 831 1785 893 meis
1826 828 1987 913 quid
2032 828 2149 893 uid

81 916 300 1001 pingui
325 913 623 977 Minerva
661 934 916 997 egeram
931 960 950 990 ,
994 913 1065 976 id
1097 914 1505 979 accuratiore
1541 914 1909 979 eruditione
1934 852 2157 974 reieciae

80 1032 152 1046 —-
188 1000 416 1084 Atque
439 1018 542 1061 eas
577 997 776 1061 etiam
797 1004 1032 1083 partes
1069 999 1456 1065 earumdem
1487 999 1872 1063 orationum
1904 994 2148 1061 adiun-

75 1084 156 1162 xi,
197 1103 371 1169 quae
407 1080 588 1169 apud
613 1078 841 1168 plures
871 1087 1170 1153 auctores
1185 1094 1453 1149 temere
1466 1082 1797 1151 hactenus
1826 1079 2147 1169 sparsim·-

19 1188 21 1191 ⁴
75 1188 192 1252 que
231 1175 648 1253 supererant.

31 1375 38 1387 ‚
229 1312 355 1383 111.
439 1314 586 1381 Iam
607 1316 690 1381 ad
721 1338 902 1383 meas
931 1318 1376 1405 praefationes
1403 1317 1587 1405 quod
1618 1317 1887 1395 adtinet,
1930 1332 2149 1401 quum
2181 1318 2264 1371 Dc
2285 1328 2444 1399 pyne-

48 1402 125 1465 ·in
169 1422 284 1468 eas
313 1399 636 1484 quidquid
665 1400 831 1465 olim
869 1424 906 1466 e
935 1424 1011 1465 re
1054 1424 1190 1465 esse
1227 1401 1587 1465 arbitratus
1615 1420 1775 1471 sum
1804 1420 2149 1483 congesse-
2170 1388 2444 1467 stantibus

65 1487 220 1563 rim,
261 1484 486 1548 visum
521 1492 618 1543 est
653 1482 912 1545 easdem
942 1505 1153 1567 paene
1180 1485 1454 1545 intactas
1484 1485 1555 1545 in
1578 1484 1701 1545 hac
1720 1482 2005 1545 editione
2037 1503 2151 1545 re-
2166 1455 2391 1507 δώσω*
2421 1463 2481 1561 et

64 1570 334 1633 cudere·
417 1562 594 1625 Illud
621 1563 932 1641 omnium
965 1566 1513 1658 operosissimum
1536 1562 1689 1641 fuit,
1739 1562 1927 1657 quod.
1945 1564 2153 1625 Asco-
2168 1539 2483 1643 ξᾙῗέἓξζῃς

63 1654 262 1715 nium
305 1650 534 1733 ipsum
571 1645 936 1709 Pedianum
980 1667 1052 1709 m
1101 1646 1519 1711 ambrosiano
1572 1646 1901 1731 amphore
1940 1643 2155 1707 Scho-
2168 1673 2347 1725 nuper
2375 1656 2485 1707 edi-

63 1736 254 1799 liaste
295 1752 406 1793 me
451 1728 772 1795 detexisse
817 1732 1177 1795 autumavi.
1265 1730 1415 1809 Qua
1454 1729 1725 1815 quidem
1766 1728 1839 1791 in
1881 1738 2157 1791 contro-
2170 1727 2239 1777 tis
2268 1725 2339 1777 ad
2360 1742 2485 1793 par·

65 1820 310 1893 versia,
351 1814 502 1877 licet
527 1813 714 1896 quod
749 1812 988 1897 cuique
1027 1812 1190 1877 libet
1223 1814 1587 1889 existimet,
1632 1834 1753 1897 ego
1796 1832 1949 1873 sane
1992 1796 2489 1916 αάθοὲξξξέξζζὲζ

70 1901 460 1988 opinionem
497 1906 650 1959 ante
691 1907 1062 1981 susceptam
1101 1918 1242 1959 non
1281 1895 1673 1973 immutavi,
1752 1906 1849 1958 ut*
1876 1892 2157 1960 sentiam

69 1982 483 2070 gravioribus
525 1980 597 2042 in
627 1976 762 2043 dies
797 1980 1160 2043 momentis
1186 2002 1298 2043 me
1335 1980 1405 2045 in
1437 2003 1509 2043 ea
1540 1978 1924 2043 confirmari
1960 1990 2157 2062 atque

73 2067 292 2152 defigi.
381 2064 658 2151 Semper
698 2062 932 2147 utique
959 2062 1042 2125 ad
1081 2062 1288 2127 fidem
1320 2064 1585 2127 editoris
1614 2062 1912 2129 maxime
1942 2062 2155 2149 perti-

17 2158 22 2163 '
70 2173 229 2215 nere
269 2147 592 2223 iudicavi,
632 2145 726 2209 ita
761 2146 1087 2291 gluidquid
1128 2146 1252 2211 sibi
1289 2146 1629 2211 videretur
1667 2146 1749 2209 de
1790 2146 2159 2209 sinceritate

71 2234 486 2319 scriptorum
515 2228 596 2292 ab
641 2251 718 2293 eo
809 2229 918 2306 'ci,
980 2240 1060 2291 ut
1099 2230 1171 2291 in
1213 2240 1525 2292 neutram
1554 2241 1827 2315 ,partem
1867 2228 2156 2313 conspici

69 2326 320 2404 posset.
389 2312 534 2376 Iam
561 2334 678 2396 ego
705 2311 982 2375 omnino
1011 2312 1140 2373 tria
1167 2306 1578 2377 scholiorum
1604 2334 1840 2400 genera
1865 2310 2127 2397 protuli
2138 2332 2160 2385 3

71 2403 385 2487 primum
450 2389 538 2457 ad
600 2395 970 2460 orationem
1019 2416 1161 2479 pro
1218 2395 1481 2457 Scauro
1548 2414 1633 2456 ex
1704 2393 2160 2477 antiquissimo

75 2483 389 2547 omnium
410 2474 874 2564 palimpsesto3
919 2473 1202 2539 alterum
1233 2498 1318 2540 ex
1341 2476 1469 2540 alio
1494 2475 1655 2541 item
1677 2487 1898 2543 vetere
1914 2474 2163 2561 palim-

74 2578 302 2653 psesto
350 2564 432 2627 ad
473 2572 726 2648 septem
765 2560 1096 2623 orationes
1129 2563 1205 2625 in
1233 2561 1576 2639 Clodium,
1622 2560 1711 2625 de
1755 2583 1913 2624 aere
1942 2558 2168 2625 alieno
2250 2633 2267 2641 θ

77 2650 392 2724 Milonis,
438 2646 524 2709 de
565 2666 732 2731 rege
750 2642 1256 2723 Alexandrino,
1291 2668 1430 2731 pro
1456 2645 1750 2723 Archia,
1782 2666 1923 2731 pro
1946 2642 2166 2729 Sylla,

67 2758 206 2821 pro
228 2730 544 2807 Ρίαηοίο,
588 2730 663 2791 in
699 2726 784 2793 V
775 2729 1104 2803 αέίηὴιτης
1143 2728 1422 2793 tertium
1451 2730 1529 2792 ad
1563 2740 1853 2812 quatuor
1882 2727 2167 2809 reliquas

81 2816 417 2881 orationes
467 2834 504 2875 e
555 2812 774 2874 codice
815 2810 1051 2874 saeculi
1101 2810 1353 2875 decimi.
1439 2812 1747 2874 Primum
1790 2822 1855 2873 et
1891 2813 2167 2873 tertium

79 2898 500 2964 scholiorum
561 2914 766 2979 genus
807 2892 1092 2961 Asconio
1155 2916 1290 2969 esse
1331 2895 1822 2957 inscribendum
1875 2905 2039 2956 tunc
2080 2894 2170 2954 ita

37 3012 41 3015 ·
77 2984 452 3070 suspicatus
476 2998 648 3053 sum,
691 2988 790 3053 nt,
831 2987 1122 3063 propter
1151 2976 1467 3041 materiae
1488 2978 1909 3063 paucitatem,
1948 2975 2170 3039 haud-

125 3071 426 3150 uaquam
470 3059 951 3135 dubitationem
996 3058 1346 3121 abiicerem
1376 3057 1482 3143 8).
1586 3058 1963 3132 Secundum
2009 3058 2171 3139 quin

83 3090 470 3215 {sconianis
499 3141 988 3207 commentariis
1021 3140 1104 3203 sit
1137 3141 1629 3227 adiungendum
1670 3162 1801 3203 nec.
1824 3138 2002 3201 ullus
2033 3137 2175 3201 fere

85 3246 248 3298 tunc
275 3228 604 3308 dubitavi,
648 3246 875 3311 neque⁴
901 3224 1086 3311 apud
1105 3244 1226 3288 'me
1259 3246 1592 3309 unquam,
1636 3234 1713 3286 ut
1738 3222 2059 3298 arbitror,
2104 3244 2177 3285 ea

88 3316 322 3415 opinio
377 3312 851 3377 detrimentum
891 3308 1381 3407 probabilitatis
1425 3308 1633 3395 capiet
1662 3313 1763 3387 4).
1851 3305 2179 3391 Equidem

89 3426 143 3465 si
174 3396 447 3463 Asconii
489 3414 739 3459 nomen
781 3393 1116 3479 legissem,
1166 3415 1322 3457 cum
1355 3415 1476 3489 ego
1525 3391 1776 3455 caelum
1820 3411 1933 3471 me
1973 3391 2177 3537 difito

89 3495 436 3574 putassem
461 3478 796 3563 attingere,
837 3488 990 3541 tum
1015 3478 1212 3541 etiam
1239 3476 1592 3541 effecissem
1616 3487 1695 3539 ut
1718 3476 2015 3540 maxime
2068 3498 2179 3539 ao-

92 3577 404 3632 tarentur
441 3562 567 3627 viri
607 3560 864 3625 eruditi.
947 3560 1142 3625 Nunc
1151 3608 1174 3640 ,
1231 3583 1316 3646 qu
1329 3562 1552 3629 oniam
1575 3559 1835 3623 Asconii
1865 3579 2113 3623 nomen
2144 3582 2184 3623 a

95 3650 327 3715 codice
349 3644 591 3710 mutilo
631 3644 894 3723 excidit,
931 3644 1055 3707 reli
1101 3666 1272 3709 uum
1303 3657 1401 3709 est
1425 3656 1505 3708 ut
1528 3644 1601 3707 in
1632 3643 2041 3707 coniecturae
2072 3664 2181 3705 ar-

100 3731 436 3821 gumentis
461 3731 964 3823 acquiescamus.
1106 3752 1192 3815 go
1236 3729 1480 3792 sanein
1528 3738 1744 3790 entem
1772 3726 2184 3809 scholiorum

101 3836 470 3885 numerum
495 3812 600 3875 his
633 3810 815 3881 annis
841 3808 992 3895 legi,
1015 3833 1183 3895 quae
1207 3812 1501 3899 tempori
1544 3824 1623 3873 us
1656 3809 1995 3873 ineruditis
2020 3804 2184 3869 scri·—

2220 1934 2416 1987 sianas.

169 4016 242 4081 8)
277 4016 429 4085 Lege
477 4012 892 4081 praefationem
950 4010 1103 4079 prio·
1201 4008 1592 4064 ‘tullianorum
1647 4006 1898 4075 principe
1948 4003 2192 4059 editione

107 4100 233 4136 rem
259 4082 528 4154 principis
569 4079 824 4135 editionis
851 4097 973 4148 cap.
1007 4081 1072 4136 V.
1211 4077 1721 4134 commentationes
1746 4072 1945 4143 [*huic
1972 4076 2194 4145 praefa-

179 4152 252 4222 4)
287 4156 436 4223 Lege
526 4152 594 4204 de
659 4151 1108 4221 fragmentorum
1209 4149 1350 4201 tioni
1389 4144 1753 4214 subiectasq.

2844 962 2847 979 -
2845 936 2846 941 Α
2844 908 2847 921 -
2845 876 2846 891 μ
2840 426 2847 845 Α-ῌᾼΑμᾼᾼᾈμᾲ-
