2859 4617
391 304 442 365 σ
1023 253 1030 259 ’
1165 285 1717 401 οΒᾼΤιο

401 475 548 533 sent
585 486 660 531 ae
699 472 1072 553 praesentes
1116 460 1445 536 vidissent.
1530 458 1859 527 Taetrum
1905 464 1970 525 et
1998 452 2339 525 nefarium
2372 454 2483 523 fa-

303 575 315 584 ·
406 562 594 616 otum
632 570 768 615 esse
794 548 948 614 dicit
988 572 1110 636 per
1139 548 1278 616 vim
1317 544 1420 645 (¹5
1444 545 1591 636 24.)
1602 570 1624 642 ‚³
1668 566 1837 632 quae
1878 565 1985 609 ree
2020 542 2103 607 ab
2134 542 2389 631 legibus
2416 553 2489 607 eb

409 634 492 703 ab
531 632 854 719 aequabili
899 633 1048 699 iure
1083 634 1527 699 remotissima
1564 641 1692 694 sita
1778 634 1887 699 54.
1944 629 2375 695 Demonstrat
2412 629 2483 695 id
2590 692 2598 709 ,

407 716 835 798 maleficium,
879 716 963 783 de
993 740 1131 807 quo
1160 718 1396 805 agitur,
1436 716 1516 781 ab
1558 738 1636 781 eo
1659 712 1935 794 finctum,
1972 736 2011 779 a
2085 735 2179 779 uo
2203 715 2483 779 minime

363 860 372 866 ,
413 802 794 901 oportuerit
837 814 902 867 et
937 826 976 867 a
1014 825 1151 891 quo
1166 849 1189 884 ‚
1244 802 1300 867 si
1333 802 1503 867 alius
1534 798 1814 881 faceret,
1855 737 2201 888 prohiiweri
2237 820 2483 865 conve-.-

411 897 616 965 mret3
660 885 986 953 violatum
1027 910 1163 955 esse
1202 887 1537 955 vicinum&
1581 891 1683 953 14.
1720 892 1821 955 15.
1906 882 2173 949 Profert
2202 884 2485 971 insuper

411 968 765 1038 crudeliter
799 970 1054 1039 factum
1081 972 1156 1037 in
1193 994 1340 1050 eos·,
1383 972 1501 1060 qui
1520 992 1735 1057 neque
1757 968 2013 1035 laedere
2038 968 2247 1034 alium
2274 990 2395 1033 nee
2418 990 2488 1033 se

413 1052 763 1121 defendere
809 1057 1180 1143 potuerint:
1239 1066 1347 1127 21.
1433 1054 1758 1121 Consulto
1806 1065 1869 1118 et
1910 1052 1991 1117 de
2026 1053 2353 1119 industria
2378 1051 2489 1117 fa·-

412 1150 600 1221 ctum
627 1138 1038 1205 demonstrat
1059 1145 1166 1211 25.
1193 1150 1296 1211 32»
1327 1146 1432 1209 34.
1518 1140 1695 1205 Cum
1728 1136 2237 1227 amplificatione
2262 1150 2490 1203 osten-

411 1222 542 1301 dit,
585 1222 772 1288 illam
811 1246 1070 1289 causam
1099 1229 1432 1314 pertinere
1474 1224 1558 1289 ad
1586 1245 1923 1289 summam
1949 1244 2098 1287 rem
2127 1222 2488 1321 publicam,

415 1306 604 1393 quod
645 1308 1130 1383 atrocissimum
1161 1312 1245 1377 sit
1270 1312 1414 1409 (85.
1454 1307 1539 1377 ef.
1568 1308 2047 1457 &hufetitque
2078 1307 2489 1386 a-1udioibue‚

414 1402 498 1458 ut
523 1390 606 1457 ad
639 1414 1032 1459 communes
1057 1416 1164 1460 res
1187 1406 1613 1484 privatorum
1636 1394 1699 1459 T
1776 1392 1849 1456 lii
1870 1390 2144 1457 iniuriae.
2164 1390 2487 1457 referantz

297 1534 305 1545 .
400 1482 522 1543 36.
613 1475 788 1546 Cum
829 1477 1000 1556 aliis,
1045 1500 1214 1567 quae
1241 1490 1501 1547 constat
1526 1502 1663 1543 esse
1694 1488 1991 1566 peecata,
2032 1475 2167 1541 hoe
2178 1475 2199 1555 ,'
2242 1498 2381 1563 quo
2409 1476 2493 1540 de

418 1560 720 1645 quaestio
757 1572 883 1640 est,
927 1576 1269 1651 comparat
1303 1562 1491 1633 et'ita
1521 1586 1647 1652 per
1674 1562 2194 1640 contentionem,
2238 1572 2489 1647 quanto

418 1644 706 1709 atrocius
753 1657 819 1711 et
855 1646 1186 1745 indignius
1217 1650 1304 1714 sit
1325 1650 1525 1727 fflud,
1588 1671 1727 1736 quo
1764 1648 1845 1711 de
1886 1647 2141 1733 agitur,
2208 1644 2494 1712 ostendit

418 1732 526 1795 53.
612 1726 1106 1819 Imprudentiae
1150 1735 1414 1801 veniam
1454 1732 1721 1799 coneedi
1753 1750 2247 1818 nonnunquam
2278 1751 2493 1817 opor-

418 1824 562 1877 tere
603 1812 816 1878 fassus
868 1819 1050 1897 (51.)
1089 1816 1259 1881 illud
1313 1816 1689 1882 adiunxisse
1734 1817 2029 1895 videtur,
2114 1812 2490 1880 voluntario

421 1896 746 1963 maleficio
791 1900 1054 1965 veniam
1095 1901 1238 1965 dari
1277 1925 1417 1967 non
1460 1912 1789 1987 oportere.
1887 1900 2189 1985 Denique
2238 1898 2497 1983 quaerit

423 1980 744 2067 quidnam
767 1984 854 2046 sit
883 1995 1308 2064 eventurum,
1354 1988 1408 2050 si
1450 1987 1625 2055 idem
1663 1984 1858 2052 ceteri
1902 1982 2142 2049 faciant
2168 1983 2385 2069 (40.);
2430 1992 2497 2049 et
2592 2036 2603 2049 .

424 2064 627 2128 simul
663 2078 956 2149 veretur,
995 2091 1110 2145 ne,
1152 2066 1308 2135 huic
1337 2072 1391 2134 si
1436 2092 1819 2135 concessum
1858 2070 1977 2147 sit,
2018 2068 2221 2137 multi
2250 2069 2495 2135 aemuli

425 2148 715 2215 eiusdem
745 2149 1043 2217 audaciae
1067 2150 1288 2225 futuri
1313 2157 1481 2224 sinta
1526 2177 1613 2221 ex
1636 2178 1777 2245 quo
1810 2154 1975 2245 quid
2002 2154 2164 2223 mali
2184 2156 2271 2225 sit
2296 2178 2494 2225 even-,-
2590 2162 2609 2175 ⁸

422 2243 659 2303 turum
689 2236 934 2307 indicat
959 2244 1064 2312 56.
