2859 4617
522 353 653 415 23⁰
1000 336 1416 409 ADDENDA
1457 332 1578 405 ET
1620 327 2108 407 'ExcURsUs

529 528 594 582 et
622 491 810 583 valde
845 524 1075 583 acutus
1148 512 1291 579 ussi
1332 535 1369 577 e
1407 532 1693 600 persona
1727 508 2022 574 censoria
2065 504 2418 607 prospicit.
2505 509 2634 579 Ex

528 600 783 665 horum
808 599 1016 687 igitur
1170 642 1187 661 .
1221 597 1365 663 DD.
1394 594 1881 683 suspicionibus
1925 589 2034 657 hic
2074 604 2250 659 mter
2290 614 2631 663 excursus

532 683 993 772 supplementa
1021 678 1345 770 quaedem
1385 702 1509 745 suo
1541 680 1855 767 quodque
1879 677 2028 743 loeo
2053 677 2460 767 interspersa
2493 682 2630 747 da·-

532 770 757 833 bimus
792 767 1051 856 aliaque
1098 767 1470 833 adiiciemus
1521 764 1767 830 nostris
1814 762 2422 829 observatiunculis.
2529 768 2627 833 Et

531 850 959 941 Kreyssigius
1008 851 1281 939 quidem
1324 873 1394 939 p.
1443 858 1526 919 47
1529 856 1592 920 8.
1647 846 2009 945 profitetur
2063 845 2226 912 haec
2273 848 2620 945 §liceronis

530 936 909 1023 fragmenta
938 936 1017 1003 ab
1046 937 1126 1002 A.
1158 934 1339 1001 Maio
1372 956 1460 999 ex
1485 932 1632 1001 cod.
1661 942 1984 1020 rescripto
2017 942 2209 999 exuta
2236 930 2360 997 sibi
2393 937 2618 1017 etiam,

531 1023 930 1109 priusquam
957 1018 1319 1091 Heinrichii
1357 1030 1425 1085 et
1473 1018 1806 1097 crameri,
1845 1017 2154 1083 virorum
2193 1017 2613 1085 acutissimo-

528 1126 690 1169 rum
704 1150 725 1184 ,
764 1106 1120 1169 editionem
1158 1102 1623 1169 Kilom‘ensem
1661 1112 1896 1167 nactus
1929 1112 2094 1165 esset
2107 1148 2128 1181 ,
2167 1100 2418 1189 largam
2439 1126 2606 1168 con-

528 1188 811 1256 iectandi
836 1189 1184 1253 materiem
1214 1187 1622 1277 praebuisses
1651 1206 1942 1273 quarum
1967 1182 2336 1251 lectionum
2353 1186 2596 1275 partim

530 1271 775 1335 codicis
808 1273 1196 1339 auctoritate
1222 1280 1456 1361 postea
1485 1273 1554 1337 in
1583 1270 1787 1337 altere
1819 1269 1922 1337 ed.
1947 1268 2218 1335 Mediol.
2249 1271 2602 1337 confirma-

532 1372 765 1419 terum
808 1355 1133 1445 exemplis
1176 1355 1574 1443 quibusdam
1617 1354 1858 1445 positis
1884 1376 1954 1442 p.
1987 1361 2072 1423 47
2073 1360 2134 1423 9.
2167 1378 2220 1419 s.
2247 1353 2406 1421 haec
2433 1356 2614 1421 addit

532 1440 831 1537 egregius
859 1438 1247 1531 philologus
1260 1486 1281 1521 ,
1326 1441 1516 1529 qussi
1541 1440 1976 1505 detestaturos
2018 1439 2358 1525 indignam
2387 1442 2618 1529 suspi-

530 1545 795 1589 cionem
807 1534 835 1588 ε’
868 1570 911 1607 ‚,
924 1524 1113 1604 Quae
1142 1525 1417 1611 quidem
1455 1524 1611 1589 huic
1636 1522 1850 1605 τάσει,
1891 1535 1974 1588 ut
2008 1524 2264 1589 Hermo
2307 1525 2446 1589 enis
2486 1546 2618 1591 vo-

530 1608 773 1675 cabulo
801 1620 979 1688 utar,
1020 1632 1163 1675 non
1185 1608 1504 1697 gloriolae
1527 1608 1886 1698 captandae
1911 1628 2152 1685 caussa,
2197 1630 2228 1673 s
2331 1608 2622 1675 ideo.in-

528 1690 887 1776 clusimus,
926 1704 1007 1758 ut
1020 1740 1043 1773 ,
1086 1694 1660 1783 quemadmodum
1701 1714 1960 1759 caecam
1996 1714 2271 1791 quoque
2301 1692 2620 1789 gallinam

528 1776 761 1925 pisum
786 1779 1083 1866 reperire
1112 1788 1439 1843 nostrates
1469 1780 1684 1856 aiunt,
1726 1776 1822 1843 ita
1858 1778 2212 1845 hominem
2241 1788 2444 1875 etiam
2489 1778 2622 1845 he·-

578 1863 801 1925 etioris
826 1861 1107 1947 ingenii,
1148 1862 1204 1927 si
1224 1872 1476 1927 rectam
1503 1862 1681 1927 viam
1703 1862 2045 1939 institerit,
2081 1882 2240 1949 vera
2265 1862 2620 1949 investiga-'-

526 1964 607 2009 re
628 1966 845 2031 posse,
885 1966 1103 2031 neque
1127 1944 1510 2033 propterea,
1529 1956 1610 2011 ut
1635 1944 1736 2024 fit,
1767 1944 1972 2033 plagii
1992 1944 2316 2026 litterarii,
2356 1950 2620 2037 turpis-

528 2026 684 2091 simi
709 2028 1023 2107 criminis,
1050 2030 1494 2095 accusandum
1517 2052 1656 2093 esse
1679 2028 2220 2115 intelligeretur.“
2260 2032 2620 2097 Neminem

584 2123 703 2177 uto
732 2123 849 2177 eut
873 2123 1014 2177 tam
1038 2112 1431 2201 improbum
1459 2125 1576 2177 aut
1597 2124 1740 2177 tam
1763 2113 2066 2189 invidum
2092 2112 2242 2179 fore
2265 2118 2432 2201 quin
2457 2140 2620 2183 can-

528 2134 875 2264 {idissimo
946 2196 1247 2286 hilologo
1267 2196 1413 2263 Kre
1463 2198 1658 2283 ssigio
1683 2220 1832 2263 eam
1852 2197 2106 2264 tribuat
2125 2201 2616 2281 auctoritatem,

448 2352 453 2357 ,
529 2302 745 2367 quem
774 2302 848 2347 m
920 2282 1007 2347 tis
1034 2282 1173 2347 iam
1260 2304 1409 2347 raee
1437 2280 1535 2346 ari
1563 2282 1806 2367 ingenii
1851 2282 2265 2347 documentis
2291 2286 2618 2373 repperit.

530 2366 709 2431 Nam
736 2368 810 2445 si,
853 2379 932 2432 ut
954 2366 1172 2455 placet
1241 2368 1448 2448 micis,
1491 2377 1558 2430 et
1581 2378 1758 2431 recte
1783 2364 2020 2463 placet,
2043 2388 2276 2463 omnes
2305 2372 2617 2435 omnium

533 2451 835 2537 gentium
878 2452 1201 2537 sapientes
1244 2451 1419 2515 inter
1459 2472 1528 2515 se
1555 2470 1692 2515 esse
1729 2470 2010 2528 etnicos,
2051 2462 2316 2538 ignotos
2340 2453 2614 2539 ignotis:

536 2534 699 2619 quid
738 2536 999 2598 mirum
1032 2535 1087 2598 si
1132 2546 1349 2601 rectae
1382 2532 1626 2598 indolis
1661 2532 1968 2599 homines
1993 2532 2066 2599 in
2095 2536 2404 2617 veritate,
2447 2561 2613 2625 quae

532 2617 727 2681 nobis
752 2619 1007 2703 integra
1040 2628 1269 2681 mente
1298 2617 1768 2701 quaerentibus
1811 2638 1954 2682 non
1983 2618 2332 2685 subtrahat
2361 2644 2464 2702 se,
2501 2622 2614 2687 sed

532 2722 867 2823 perquam
903 2700 1319 2765 familiariter
1358 2712 1694 2781 occurrat,
1753 2702 2206 2790 amplectenda
2251 2708 2612 2772 concorda-

530 2785 711 2847 rint‘.
798 2782 1055 2862 lmine,
1110 2784 1186 2848 ni
1218 2785 1311 2849 ita
1355 2796 1555 2864 esset,
1615 2785 1752 2851 eius
1801 2786 2102 2851 studium
2145 2789 2610 2878 deponendum

530 2864 735 2933 foret.
790 2866 1023 2956 Itaque
1044 2890 1131 2935 ne
1154 2890 1283 2934 nos
1352 2871 1576 2935 uidem
1603 2869 1908 2935 homines
1931 2872 2090 2937 novi
2119 2872 2202 2937 de
2227 2884 2461 2939 nostra
2491 2898 2611 2940 ex·-

530 2954 967 3021 istumatione'
1024 2952 1239 3039 qualis
1324 2967 1527 3019 utura
1579 2955 1666 3019 sit
1719 2954 1983 3021 solliciti
2051 2978 2310 3024 sumus.
2437 2960 2614 3024 Nam

534 3038 837 3123 quamvis
866 3036 1117 3118 multa,
1208 3059 1329 3103 uae
1360 3060 1518 3103 cum
1541 3039 1896 3105 scriberem
1925 3039 2103 3104 bona
2129 3040 2262 3107 fide
2287 3066 2424 3131 pro
2451 3044 2610 3109 meis

532 3122 980 3211 ostentabam,
1025 3122 1107 3187 ab
1134 3060 1271 3187 αἳίὶε
1312 3123 1634 3211 occupata
1655 3144 1793 3189 esse
1832 3119 1951 3209 (ut
1975 3124 2290 3213 deinceps·
2311 3150 2609 3193 comme-

530 3206 857 3294 morabo)
896 3217 1129 3294 postea
1168 3210 1626 3293 cognoverim:
1669 3218 1844 3273 certe
1871 3209 2020 3273 iure
2063 3211 2359 3294 quodam
2379 3224 2604 3280 nostro

530 3290 877 3385 postulare
901 3290 1149 3368 videor,
1188 3303 1269 3357 ⁴ut
1296 3292 1494 3357 etiam
1521 3292 1919 3358 alienissumi
1941 3291 2248 3361 homines
2273 3306 2488 3363 tamen
2514 3314 2592 3357 ex

532 3374 611 3435 iis
628 3419 647 3452 ,
692 3396 859 3459 quae
886 3374 1059 3437 mihi
1082 3376 1360 3471 propria
1384 3376 1464 3439 ab
1496 3374 1810 3441 omnibus
1838 3375 2067 3441 relicta
2095 3390 2284 3461 sunt,
2327 3380 2600 3445 iudicent

536 3456 624 3519 de
652 3457 900 3521 ceteris.
986 3456 1123 3536 Qui
1164 3460 1342 3523 enim
1378 3480 1504 3524 suo
1543 3456 1760 3523 Marte
1787 3482 1982 3558 saepe
2011 3461 2164 3527 vicit
2201 3463 2272 3527 in
2313 3465 2612 3551 graviore

488 3614 493 3619 q
532 3539 944 3611 discriminet·
980 3562 1105 3605 nae
1134 3542 1245 3605 ille
1268 3543 1339 3605 in
1382 3542 1634 3609 leviore
1663 3555 2016 3609 certamine
2061 3567 2436 3613 successum
2473 3568 2607 3611 non

532 3625 835 3697 videatur
859 3624 1095 3690 virtuti
1116 3626 1355 3691 debere
1392 3627 1664 3691 alienae.
1749 3628 1924 3693 Haec
1951 3651 2108 3695 vero
2141 3632 2608 3697 non‘iaetatio-

449 3730 464 3741 ·
530 3710 638 3775 nis·
664 3730 856 3775 causa
892 3708 1033 3773 dixi
1046 3756 1066 3791 ‚
1109 3710 1223 3775 sed
1247 3721 1338 3775 'ut
1364 3722 1578 3776 artem
1619 3710 1826 3778 libros
1860 3724 2162 3779 veterum
2203 3717 2608 3805 scriptorum

532 3816 623 3857 ex
640 3794 903 3880 ingenio
942 3794 1129 3879 quasi
1155 3794 1560 3861 divinatione
1596 3798 1886 3883 quadam
1925 3799 2314 3865 emendandi
2351 3800 2432 3865 ab
2476 3800 2608 3864 im·-

530 3879 907 3965 peritorum
949 3878 1335 3943 criminibus
1364 3880 1796 3961 vindicarem,
1839 3884 1956 3967 qui
2009 3904 2240 3947 omnes
2277 3884 2607 3949 coniectu-

528 3982 639 4023 ras
666 3962 1093 4051 aequiparant
1119 3962 1494 4051 habentque
1521 3966 1934 4053 promiscuas
1949 4010 1969 4046 ‚
2013 3968 2198 4051 quasi
2230 3968 2310 4032 ab
2331 3966 2605 4057 arbitrio

530 4045 867 4193 1{sende-ant.
890 4046 1191 4132 nihilque
1208 4048 1290 4123 ,in
1337 4060 1483 4114 arte,
1505 4050 1725 4115 critica
1751 4058 1892 4114 tam
1923 4062 2180 4116 certum
2209 4054 2295 4119 sit
2309 4098 2330 4131 ,
2375 4064 2457 4116 ut
2500 4051 2610 4114 in·

617 4146 786 4189 mari
809 4148 947 4193 non
976 4132 1187 4215 possit
1200 4176 1221 4209 ,
1264 4152 1421 4197 cum
1468 4134 1684 4199 omnis
1717 4134 2060 4223 opinabilis
2097 4134 2406 4201 divinatio
2444 4152 2607 4201 con-
