2859 4617
428 291 567 361 iso

1214 278 1766 351 ORATIO

424 460 813 561 patronae)
830 508 855 548 ,
904 458 1029 531 sed
1056 460 1311 535 oollam
1342 458 1648 551 digitulis
1677 457 1948 527 duobus
1975 454 2350 543 01111110ῐο1,
2401 468 2550 527 1·0-·“

432 568 673 637 nticula
718 566 1057 659 cingeret,
1130 574 1209 632 ut
1248 564 1373 631 ma
1424 564 1682 655 perisse
1722 562 2088 655 suspendio
2141 570 2522 653 putaretur.

329 688 396 747 11
432 668 631 755 Quae
660 668 939 758 quidem
974 668 1267 758 suspicio
1312 666 1528 735 valuit
1567 667 1769 735 etiam
1805 664 1966 755 plus·
2007 664 2102 733 ob
2135 663 2318 733 hanc
2349 686 2524 734 0011-

430 792 575 841 sam
590 818 613 857 ‚
662 772 853 862 quod
868 820 890 857 ‚
940 792 1100 841 oum
1137 778 1421 863 agerent
1455 770 1830 860 parentalia
1867 770 2204 837 Norenses
2243 790 2522 836 omnes-

430 898 567 965 que
594 898 717 943 suo
746 898 943 945 more
974 897 1057 943 ex
1096 873 1359 966 oppido
1386 874 1670 941 exissent
1683 920 1706 956 ‚
1750 882 1902 939 111111
1925 870 2046 939 illa
2071 880 2172 939 est
2203 894 2246 939 a
2267 872 2520 939 liberto

429 978 852 1070 suspendisse
880 1000 954 1045 se
981 976 1183 1047 dicta.
1286 976 1632 1046 Discessus
1662 984 1886 1043 autem
1913 974 2208 1044 solitudo
2243 976 2347 1059 ei,
2399 975 2518 1063 qui

430 1206 619 1263 lectio.
682 1208 879 1277 Neque
907 1206 1058 1261 enim
1082 1211 1285 1259 Orator
1307 1205 1429 1259 Ari-

432 1294 569 1330 nem
606 1274 941 1345 alloquitur,
989 1276 1089 1357 sed
1131 1276 1429 1347 pervulga·
1483 1303 1492 1309 ·

432 1354 555 1400 tam
596 1345 904 1397 Sardorum
931 1346 1256 1415 epimonem
1282 1344 1429 1397 iudi-

434 1414 591 1467 cibus
618 1430 895 1484 exponens
918 1415 1009 1467 vel
1039 1414 1096 1466 111
1119 1431 1183 1466 re
1212 1414 1429 1485 tragica

432 1485 670 1537 iocatur.
740 1483 831 1536 810
866 1484 1057 1553 paullo
1080 1483 1233 1537 infra
1254 1488 1309 1537 ei
1370 1486 1429 1537 ui

427 1568 727 1627 patronam
750 1556 1074 1625 suffocabat.
1131 1555 1310 1605 PEYR
1359 1554 1427 1605 N.

437 1643 465 1674 s
479 1625 801 1689 Sarcasmus
832 1622 1049 1693 crimen
1084 1620 1430 1675 extenuantis

434 1700 669 1760 apparet
718 1691 888 1743 etiam
935 1692 996 1743 in
1053 1690 1430 1756 deminutivis,

436 1762 598 1829 quasi
638 1760 957 1811 misericors
1000 1762 1236 1827 maritus
1270 1760 1433 1811 uxori

436 1843 571 1879 suae
626 1829 779 1897 parci
836 1826 1099 1879 voluisset
1154 1844 1337 1899 neque
1380 1826 1431 1879 ei

437 1895 659 1969 gravius
686 1894 994 1965 quidquam
1018 1897 1293 1949 accidere.

450 2008 459 2014 .
508 1968 619 2017 Sed
662 1968 859 2017 collum
904 2002 919 2017 .
956 2001 973 2017 .
1014 2001 1031 2017 .
1067 2003 1083 2018 .
1136 1962 1429 2032 oblider'et]

436 2034 589 2085 Haec
652 2033 820 2085 verba
882 2042 1199 2085 servaverat
1260 2033 1433 2085 etiam

436 2101 744 2171 Porphyrio
772 2101 841 2153 ed
864 2102 1082 2154 Horatii
1108 2102 1201 2155 lib.
1236 2106 1303 2157 11.
1328 2111 1433 2155 sat.

438 2174 482 2224 1.
510 2190 561 2223 v.
592 2173 677 2227 56.
725 2174 1017 2225 PEYRON.

511 2242 593 2295 11.
637 2243 945 2304 Norenses]
984 2243 1135 2292 Nora
1157 2240 1290 2292 urbs
1306 2244 1436 2292 Sar-

441 2306 625 2361 diniae
662 2309 967 2362 notissima.
1036 2312 1251 2363 Locum
1293 2330 1436 2383 quoe

438 2382 658 2451 quidem
682 2418 697 2431 .
733 2418 749 2433 .
787 2417 802 2432 .
838 2383 1111 2435 Norenses
1132 2379 1325 2433 laudet
1338 2384 1437 2437 Se-

442 2449 699 2504 verianus
712 2454 869 2512 Synt.
890 2454 1049 2502 Rhet.
1068 2466 1191 2521 cap.
1218 2452 1286 2503 de
1308 2468 1441 2502 con-

336 2550 344 2558 *
442 2519 671 2570 iectura.
726 2520 1021 2569 PEYRON.
1140 2520 1143 2522 ’

514 2590 623 2637 Suo
666 2590 848 2649 more]
902 2586 1083 2651 Dicit,
1130 2605 1227 2637 suo
1272 2605 1436 2649 more,

444 2668 531 2713 00,
569 2653 740 2720 quod„
770 2654 1215 2722 parentaliorum
1250 2667 1436 2717 causa,

444 2720 618 2771 moris
665 2730 786 2772 erat
834 2724 1047 2787 Norae,
1118 2730 1183 2773 ut
1219 2720 1438 2773 incolae

446 2804 639 2842 omnes
668 2784 869 2859 oppido
904 2792 1149 2855 exirent3
1197 2790 1257 2841 id
1286 2788 1438 2861 quod

444 2874 551 2910 nec
585 2860 796 2911 Romae
833 2859 1005 2911 fiebat
1040 2861 1100 2911 in
1126 2859 1440 2928 parentali-

444 2927 577 2993 bus,
613 2944 794 2997 neque
824 2930 992 2981 etiam
1020 2929 1077 2981 in
1112 2930 1241 2981 ullis
1266 2932 1441 2981 Grae-

446 3014 643 3049 carum
667 2998 953 3050 civitatum
978 3004 1165 3067 χοαῒς,
1200 2998 1287 3051 vel
1314 2996 1440 3052 ἐνα-

442 3072 675 3135 γισμοῖς.
712 3070 1055 3123 HEINRICH.
1126 3068 1329 3121 Mirum
1358 3076 1442 3121 est

447 3138 669 3206 quantis
760 3138 1101 3190 coniecturis
1175 3137 1442 3189 torserint

444 3204 597 3257 1111110
620 3208 811 3259 10011111
832 3207 987 3259 docti
1018 3208 1297 3259 duumviri
1310 3208 1442 3258 Cra-

448 3292 638 3325 merus
682 3284 739 3325 et
770 3277 1117 3327 Heinrichius
1160 3276 1380 3343 decepti
1408 3278 1444 3327 11

448 3342 632 3411 prima
709 3343 1107 3396 Mediolanensi
1177 3344 1442 3411 editione,

452 3427 597 3479 quae
624 3410 790 3461 debat
814 3418 1069 3475 exissent,
1108 3416 1378 3465 cumulata
1406 3432 1454 3464 a⁴

354 3476 362 3485 ⁸
448 3482 657 3533 liberto.
694 3480 985 3533 PEYRON.
1048 3483 1227 3531 *Cum
1253 3488 1444 3532 tamen

448 3548 775 3599 Severianus
814 3560 870 3617 p.
916 3550 1037 3603 339.
1076 3547 1160 3599 ed.
1208 3550 1444 3617 Capper.

447 3626 576 3687 post
604 3620 877 3672 Norenses
900 3634 1013 3669 non
1046 3616 1219 3669 addet
1246 3638 1444 3680 omnes,

450 3687 549 3739 sed
586 3703 641 3740 et
664 3690 922 3768 ,reliqum
970 3704 1213 3756 cumque
1250 3685 1361 3738 litt.
1392 3690 1445 3739 E

452 3764 511 3806 et
556 3762 594 3809 I
638 3757 693 3807 in
741 3756 823 3808 his
887 3756 1048 3808 codd.
1109 3755 1445 3808 simillumae

344 3882 362 3889 ,
453 3825 593 3877 sint:
660 3842 765 3893 pro
824 3846 1033 3889 omnes,
1106 3830 1201 3897 qui
1253 3824 1446 3893 recepi

378 3932 389 3944 .
453 3904 737 3965 omnesque
786 3912 851 3945 ex
905 3894 1209 3947 I-leinrichii
1257 3895 1447 3946 conie-

454 3968 615 4010 ctura
652 3965 897 4029 ’probata
952 3962 1125 4016 etiam
1162 3963 1445 4015 Friderico

452 4028 653 4077 Cat-olo
672 4031 915 4097 Wolffio,
944 4030 1266 4086 doctissimo
1283 4032 1449 4101 Lycei

456 4094 861 4161 Flenopolitani
918 4101 1145 4151 Recteri
1190 4101 1251 4150 111
1308 4103 1446 4153 obss.

457 4165 609 4213 crin.
639 4164 697 4211 in
722 4164 822 4215 has
862 4168 1265 4233 σπι-,1110009011
1294 4170 1448 4221 1824.

1526 1204 1665 1327 4:¹ss-
1693 1208 1776 1261 10.
1805 1220 1850 1259 s.
1899 1205 1998 1275 qui
2043 1205 2173 1259 Maii
2217 1204 2521 1259 editionem

1525 1292 1562 1327 u
1640 1292 1712 1327 110
1732 1284 1954 1327 secutus
1977 1292 2082 1345 pro
2097 1280 2375 1330 cumulata
2389 1276 2520 1327 sub·

1527 1343 1762 1397 stituens
1795 1343 2058 1397 latinitati
2101 1352 2260 1397 certe
2309 1360 2522 1397 conve-

1527 1413 1769 1465 nientius
1847 1428 1960 1467 mm
2023 1416 2251 1467 humata
2323 1413 2520 1465 vertit:

1529 1518 1568 1549 „
1577 1486 1778 1537 Βέσσον
1825 1486 2100 1537 Vetdaclu
2157 1502 2394 1555 gewann
2431 1499 2524 1537 um

1527 1572 1590 1606 so
1619 1554 1767 1606 mehr
1793 1554 2009 1615 Saedrke,
2027 1555 2169 1617 weil,
2199 1554 2274 1605 da
2300 1554 2391 1605 die
2415 1554 2520 1605 No-

1531 1640 1717 1675 tenter
1741 1622 1848 1683 ,ilu-
1897 1621 2219 1692 Todtenfest
2245 1618 2520 1689 sciet-ten,

1533 1692 1648 1743 und
1687 1690 1800 1743 alle
1835 1692 1979 1743 nacla
2025 1692 2172 1743 ihrer
2214 1692 2360 1742 Sine
2393 1692 2522 1743 her·-

1533 1778 1926 1831 ausgegangen
1955 1779 2139 1811 waren
2153 1796 2170 1824 ‚
2206 1764 2289 1812 sie
2311 1760 2524 1811 danzals

1533 1828 1884 1897 begraben
1917 1829 2206 1888 wisi-de.u
2275 1826 2524 1881 Eandem

1533 1894 2060 1947 medicinamTullio
2076 1894 2331 1947 adhibuit
2348 1894 2526 1947 Stein-

1533 1962 1704 2015 0011οτ
1744 1966 1786 2017 1.
1823 1966 1890 2016 de
1924 1985 1984 2017 re
2017 1986 2078 2037 p.
2119 1982 2168 2022 e.
2208 1966 2292 2019 12.
2377 1969 2524 2019 Dein

1535 2054 1656 2085 cum
1685 2046 1866 2085 essent
1880 2054 2156 2105 perpauca
2169 2037 2312 2087 inter
2335 2055 2393 2086 se
2417 2053 2524 2086 uno

1535 2122 1611 2155 an
1641 2102 1814 2155 altero
1839 2108 2020 2173 spatio
2048 2106 2300 2156 collocuti
2311 2106 2524 2175 Scipio-

1535 2175 1644 2242 niq
1663 2190 1744 2223 ue
1779 2192 1960 2223 eorum
2029 2176 2294 2225 adventus
2332 2176 2526 2244 periu-

1535 2242 1743 2293 cundus
1769 2254 1826 2292 et
1847 2256 2145 2313 pergratus
2159 2241 2384 2312 fuIsset,
2399 2243 2526 2312 pla·-

1535 2312 1701 2361 citum
1736 2323 1849 2373 est,
1903 2325 1964 2360 uc
1991 2346 2014 2364 Α.
2053 2348 2066 2361 .
2106 2346 2120 2361 .
2157 2314 2527 2362 considerent:

1534 2376 1758 2429 felicius
1789 2374 1888 2428 ille
1930 2394 2098 2447 quam
2127 2377 2303 2431 Maius
2331 2378 2529 2447 ipsius-

1537 2462 1648 2516 que
1693 2462 1900 2514 praeco
1947 2450 2180 2499 lenanus
2220 2447 2528 2515 Zumptius,

1538 2514 1637 2585 qui
1684 2514 2066 2568 coniecturam
2110 2532 2268 2567 suam
2318 2514 2530 2585 duplici

1537 2582 1670 2634 nixu
1707 2582 1916 2635 editam
1957 2590 2088 2657 quoi
2121 2586 2276 2654 (cui)
2323 2585 2527 2653 proba-

1537 2659 1672 2703 runt
1709 2651 1962 2703 Lehnero
2000 2670 2102 2721 pro
2137 2670 2232 2719 ec,
2285 2654 2437 2723 quod
2463 2655 2522 2705 in
2576 2682 2586 2686 -

1539 2720 1667 2773 cod.
1694 2723 1819 2774 Vnt.
1849 2722 2119 2790 scriptum
2167 2731 2317 2774 extat
2358 2739 2527 2775 manu

1540 2794 1590 2845 l.
1648 2794 1896 2862 Scipioni
1944 2814 2078 2863 quo,
2132 2792 2310 2844 ultera
2349 2808 2518 2843 manu

1541 2862 1788 2931 Scipioni
1817 2880 2054 2931 quorum.

1611 2929 1914 2997 Solitudo]¹
1934 2929 2116 2980 Codex
2139 2932 2391 2983 solitodo.
2421 2930 2525 2981 PR.

1541 2998 1758 3049 *Recte
1793 2998 2050 3049 VVolffius
2089 3002 2360 3051 discessus
2389 3001 2528 3052 soli-

1541 3071 1785 3121 tudinem
1819 3066 2219 3135 interpretatur
2282 3068 2530 3119 enuriam

1539 3136 1861 3201 hominum,
1900 3138 1971 3187 ob
1998 3136 2206 3187 civium
2275 3137 2531 3189 iscessum

1544 3213 1826 3271 exortam,
1863 3220 1993 3256 cum
2029 3208 2303 3257 Norenses
2341 3222 2532 3256 omnes

1543 3274 1616 3325 ad
1655 3274 1963 3343 parentalia
1991 3274 2216 3342 publice
2247 3274 2534 3326 celebs-an-

1545 3342 1616 3393 da
1657 3359 1758 3393 suo
1795 3358 1956 3394 more
1995 3358 2060 3395 ex
2100 3345 2241 3395 urbe
2284 3344 2532 3409 exissent,

1529 3410 1808 3479 idemque
1885 3412 2144 3463 observat
2216 3413 2531 3463 Genitivum

1542 3496 1708 3547 saepe
1735 3478 1880 3530 hanc
1903 3480 2016 3531 vim
2043 3481 2268 3545 habere,
2303 3490 2368 3533 ut
2389 3480 2532 3532 indi-

1545 3557 1669 3613 cet,
1707 3548 1859 3617 quod
1903 3566 2034 3601 cum
2081 3550 2269 3619 aliqua
2307 3568 2372 3602 re
2399 3568 2532 3603 0011-
2558 3566 2588 3589 ⁸

1541 3616 1797 3669 iunctum
1828 3616 1925 3683 sit,
1963 3619 2076 3670 sive
2106 3620 2178 3671 ad
2208 3636 2332 3671 eam
2362 3618 2534 3687 perti-

1543 3694 1692 3739 neat.
1765 3688 1890 3753 „Ut
1922 3689 2071 3739 enim
2098 3694 2405 3760 Hispaniae
2416 3692 2530 3771 fla-

1541 3760 1686 3827 gicia
1733 3763 1864 3806 sunt
1913 3774 2054 3825 quae
2091 3758 2164 3809 ad
2217 3758 2534 3826 Hispaniam

1543 3824 1856 3894 pertinent,
1909 3834 1967 3876 et
2008 3830 2315 3881 Alexandri
2361 3828 2535 3879 scelus

1549 3896 1928 3960 Callisthenis,
1965 3896 2114 3963 quod
2153 3894 2223 3945 ad
2255 3894 2536 3955 Callisthe-

1545 3980 1678 4015 nem
1721 3970 1968 4030 spectat:
2026 3964 2103 4014 ita
2137 3967 2378 4017 'solitudo
2417 3966 2536 4017 dis-

1549 4045 1731 4084 cessus
1762 4048 1828 4082 ea
1859 4039 1970 4097 est,
2005 4048 2147 4101 quae
2177 4050 2307 4083 cum
2333 4032 2539 4084 disces-

1547 4115 1614 4149 su
1655 4100 1956 4151 coniuncta
1995 4102 2108 4151 sive
2147 4116 2214 4151 ex
2257 4118 2324 4152 eo
2355 4108 2539 4151 exorta

1551 4169 1691 4218 est.“
1762 4170 1842 4217 De
1867 4168 2272 4237 significatione
2309 4186 2432 4221 voc.
2460 4191 2538 4218 ‚w—
