2859 4617
710 276 723 281 ’
776 304 947 373 pao
989 304 1089 378 Μ.
1130 303 1504 373 AEMILIO
1546 288 1918 376 scAURO.

2240 308 2396 386 ΨΒ·

190 538 199 561 ,
302 486 577 575 praeter
600 478 1085 552 Atheniensem
1122 480 1660 567 Themistoclem
1673 527 1694 566 ‚
1747 483 1866 570 qui
1889 502 1968 553 se
2001 485 2151 578 ipse
2173 502 2395 561 morte

298 583 605 651 multavit
622 583 659 649 P
756 587 855 654 At
898 586 1220 655 Graeculi
1262 584 1542 674 quidem
1581 584 1798 652 multa
1835 586 2133 678 fingente
2203 593 2390 685 apud
2421 608 2462 667 4

298 706 473 773 quos
521 686 725 755 etiam
784 682 1303 757 Cleombrotum
1352 687 1878 755 Ambraciotam
1921 691 2143 759 ferunt
2183 718 2261 763 se
2307 719 2394 765 ex

298 786 621 855 altissimo
648 791 1127 884 praecipitasse
1150 812 1347 887 muro
1361 836 1383 875 ‚
1437 811 1576 856 non
1603 810 1742 879 quo
1775 790 2157 863 acerbitatis
2192 820 2393 869 acce-

297 1026 584 1088 moratur,
620 1019 1021 1092 depromptum
1046 1038 1163 1076 esse
1193 1038 1295 1077 ne-

298 1102 410 1159 que
451 1091 620 1142 Henr.
665 1088 947 1158 Stephano
988 1092 1059 1143 ad
1084 1098 1294 1166 Fragg.

292 1162 506 1229 poe'tar.
556 1173 690 1212 vett.
732 1164 889 1213 Late.
930 1178 992 1229 p.
1025 1163 1147 1216 256.
1194 1164 1293 1213 ne-

304 1242 412 1293 que
446 1226 705 1278 Schiitzio
750 1228 821 1278 ad
858 1228 897 1279 l.
937 1246 985 1284 o.
1032 1230 1293 1281 credide-

302 1294 447 1361 rim)
484 1294 635 1346 idem
661 1294 837 1365 igitur
870 1302 1038 1365 poeta
1062 1300 1106 1348 si
1148 1298 1290 1351 adeo

300 1362 649 1414 reclamante
672 1381 857 1432 versus
876 1382 1134 1417 mensura
1160 1367 1297 1417 scri·

302 1429 479 1497 pserit
523 1452 744 1486 armum.
815 1434 1073 1485 Ceterum
1111 1436 1296 1485 assuta

302 1508 393 1551 W.
434 1518 597 1569 quam
621 1502 969 1555 'armorum
1004 1502 1297 1553 continent

304 1565 613 1618 variantem
635 1585 871 1637 eamque
882 1587 1073 1621 veram
1090 1570 1293 1622 lectio-

304 1652 467 1700 nem,
503 1636 687 1688 alieno
726 1644 916 1689 autem
956 1638 1085 1691 loco
1120 1639 1294 1691 inter-

300 1705 483 1773 posita
502 1706 832 1773 expulerunt
852 1716 1044 1761 veram
1072 1708 1151 1759 ibi
1173 1708 1294 1778 qui·

303 1772 435 1824 dem
465 1773 628 1826 codd.
654 1774 887 1827 Palatini
918 1785 974 1827 et
1006 1776 1293 1829 Pithoeani

298 1840 623 1896 lectionem.
694 1845 945 1915 corriges
964 1845 1165 1917 igitur:
1204 1852 1296 1901 Et

303 1914 411 1963 sic
446 1916 705 1983 est-apud
730 1918 985 1967 eundem:

302 2006 339 2045 ,,
356 1982 581 2033 Nihilne
617 1984 693 2034 ad
732 1997 788 2034 te
832 1985 899 2035 de
942 1985 1142 2037 iudicio
1188 2003 1296 2038 ar-

375 2070 555 2101 moru
572 2072 624 2102 m
658 2052 951 2104 decidit?“

305 2122 453 2169 Iam
489 2120 989 2181 ‚,cencuriam“
1038 2120 1134 2183 (ut
1166 2140 1295 2174 cen-

306 2191 485 2238 soriae
522 2189 741 2240 tabulae
771 2190 1096 2259 loquuntur)
1147 2190 1299 2260 „fa-

309 2255 543 2307 Ιυίιηιιι
602 2271 658 2307 et
732 2258 1297 2327 „proletarium“

306 2325 480 2375 audeo
497 2325 692 2385 dicere,
708 2344 816 2376 non
844 2325 1006 2395 „fab
1019 2344 1049 2377 r
1066 2346 1095 2377 υ
1109 2346 1138 2377 r
1152 2346 1187 2377 u
1204 2326 1294 2377 m“

307 2405 363 2443 et
430 2394 1108 2461 ‚,proletariorum“.
1213 2394 1296 2445 Ne

304 2458 549 2529 virgines
580 2460 803 2529 quidem
823 2499 838 2526 ,
872 2461 1101 2529 opinor,
1136 2462 1299 2513 nobis

304 2532 602 2582 centuriam
634 2531 854 2602 procum
887 2530 1298 2599 antiquantibue

303 2595 520 2649 bellum
571 2599 907 2664 movebunt,
979 2600 1083 2650 nisi
1144 2598 1296 2652 forte

306 2666 647 2718 crediderint
674 2685 707 2720 a
731 2667 913 2719 Tullio
944 2666 1298 2736 repudiatam

298 2754 667 2807 procorum
708 2736 1074 2806 ,elegantiam
1150 2746 1296 2789 tam-

252 2846 257 2850 .
308 2818 478 2871 quam
501 2804 898 2865 rusticitatem,
935 2806 1204 2875 cumipse
1234 2806 1295 2857 in

314 2878 485 2923 Bruto
514 2875 614 2937 18,
650 2875 735 2927 71.
759 2890 845 2942 pr.
886 2872 1129 2924 laudarit
1168 2895 1298 2927 car-

306 2943 475 3005 mina,
514 2960 652 3010 quae
678 2944 736 2991 in
818 2961 888 2993 ro
905 2962 933 2993 c:
950 2962 1067 2994 oru
1085 2965 1136 2993 m
1170 2962 1297 3013 epu-

309 3006 383 3059 Ir's
408 3023 693 3060 canuntur.
762 2962 1011 3077 ssenique
1038 3009 1299 3061 Telamo-

306 3073 393 3125 nis
440 3076 721 3127 Teucrum
768 3076 827 3127 in
878 3077 1102 3128 exilium
1142 3078 1298 3133 abire

305 3144 551 3197 iubentis
601 3160 709 3197 vox
758 3145 908 3213 apud
955 3148 1097 3199 Non.
1141 3145 1199 3197 in
1242 3162 1293 3198 v.

300 3216 593 3269 Pac-essere
604 3214 783 3279 aliter,
799 3230 965 3283 quam
978 3218 1091 3268 Ian.
1104 3214 1233 3265 ΜΘΗ
1242 3231 1299 3265 e·-

300 3298 369 3338 το
388 3282 661 3335 Palmerio
688 3283 745 3334 in
764 3288 1076 3356 Spicilegiis
1097 3300 1153 3353 p.
1176 3286 1294 3338 160.

293 3368 357 3403 a.
403 3352 491 3419 (in
526 3351 748 3403 Gruteri
786 3356 1045 3407 thesauro
1076 3357 1198 3407 crit.
1228 3354 1293 3409 Τ.

303 3421 392 3470 IV.
416 3421 471 3471 b.
498 3438 551 3487 Ρ.
566 3420 721 3488 778.)
745 3420 973 3491 placuit,
1006 3421 1295 3493 corrigen-

308 3487 377 3537 da
402 3505 533 3538 cum
561 3492 842 3543 Merceroz

312 3560 386 3621 Te
426 3560 650 3627 repudio
686 3578 785 3610 nec
820 3563 1055 3632 νόσίρίος
1104 3575 1297 3615 natum

374 3626 585 3677 dbdico.
654 3630 915 3679 Facdsse!

306 3690 389 3745 De
430 3696 626 3745 Aiacis
662 3694 884 3762 ingenio
926 3714 978 3748 v.
1021 3702 1061 3749 1.
1090 3699 1181 3767 offi
1206 3697 1296 3761 31,

310 3760 428 3816 113.
456 3770 593 3813 extr.
630 3766 837 3815 Seneca
882 3768 949 3817 de
988 3768 1074 3817 ira
1101 3770 1166 3817 ΙΙ.
1198 3766 1297 3817 sm.

310 3838 369 3881 et
400 3828 636 3881 Archiae
679 3835 1015 3903 epigramma
1062 3836 1297 3903 epitym-

307 3900 434 3953 bion
456 3900 513 3949 in
539 3902 877 3970 Anthologia
904 3905 997 3953 Gr.
1024 3904 1097 3953 ad
1113 3902 1297 3953 Palae.

260 3978 265 3982 ’
306 3972 424 4022 cod.
450 3970 627 4037 fidem
652 3972 807 4021 edita‘
829 3970 941 4019 Vn.
975 3969 1091 4023 147.

328 4055 337 4061 ·
382 4036 819 4105 Themistoclem]
856 4034 1040 4088 Codex
1064 4040 1145 4092 M.
1164 4038 1301 4090 sse-

307 4107 635 4167 mistoelem;
670 4106 1019 4157 amanuensis
1042 4121 1146 4175 pro
1176 4120 1301 4157 mo-

306 4188 369 4225 re
410 4175 593 4244 gentis
628 4190 762 4228 suae
794 4190 1092 4245 perperam
1134 4188 1299 4245 prae-

1392 1038 1602 1073 nomen
1627 1006 1860 1077 induxit.
1928 1026 2161 1095 Legenti
2200 1028 2394 1087 locum

1395 1094 1466 1145 de
1499 1094 1573 1143 cl.
1604 1096 1924 1147 Oratoribus
1961 1098 2044 1149 10.
2095 1100 2175 1150 11.
2221 1100 2390 1166 [42]

1395 1160 1610 1227 patebit
1637 1159 1882 1213 Tullium
1927 1160 1998 1215 de
2033 1174 2216 1217 morte
2238 1169 2392 1219 The-

1393 1228 1664 1280 mistoclis
1712 1229 2020 1304 dulqitasse,
2068 1242 2258 1287 utrum
2287 1237 2392 1290 iste

1396 1306 1664 1348 conatum
1708 1297 2030 1351 iracundiae
2084 1316 2393 1370 spontanea

1394 1374 1582 1415 morte
1605 1365 1904 1430 sedaverit3
1943 1387 2030 1434 an,
2059 1388 2196 1424 ¹cum
2221 1374 2278 1424 in
2296 1380 2392 1427 At-

1395 1432 1512 1482 tica
1539 1431 1684 1483 clam
1719 1433 1913 1487 fuisset
1940 1437 2225 1503 humatus,
2261 1443 2394 1495 rhe-

1395 1508 1567 1564 tores,
1605 1509 1667 1551 ut
1695 1501 1903 1569 aliquid
1946 1504 2135 1556 dicere
2165 1520 2393 1577 possent

1392 1569 1670 1637 argutius,
1708 1572 1960 1621 ementiti
1993 1573 2208 1625 fuerint
2238 1595 2394 1629 mor-

1391 1645 1511 1688 tem
1541 1653 1884 1707 generosam.
1956 1646 2037 1693 Ne
2079 1644 2191 1695 anti
2241 1648 2392 1700 enim

1390 1707 1576 1757 Attico
1601 1705 1814 1758 'rullius
1838 1723 2040 1776 respon
2084 1720 2138 1761 et
2159 1717 2248 1767 Sit
2291 1736 2396 1768 sa·-

1393 1794 1492 1839 ne,
1532 1790 1593 1827 ut
1615 1778 1780 1841 Iubet,
1815 1780 1884 1829 de
1905 1783 2029 1833 isto.
2055 1782 2184 1835 ’PR.
2255 1784 2284 1817 *
2301 1781 2390 1842 Cf.

1392 1846 1547 1897 Lael.
1577 1846 1660 1909 12,
1694 1847 1773 1896 10.
1811 1846 1834 1907 s
1849 1846 1896 1912 ᾖ.
1925 1846 2010 1901 42.
2044 1851 2214 1918 extr.)
2261 1852 2412 1904 Plu--

1392 1911 1622 1963 tarchns
1665 1911 1726 1962 in
1768 1912 1877 1963 vita
1930 1933 1978 1967 c.
2015 1916 2101 1971 31.
2149 1920 2249 1971 sub
2289 1920 2388 1976 fin.

1394 1980 1572 2031 Aliter
1601 1988 1792 2032 narrat
1821 1981 2045 2037 Diodor.
2073 1986 2180 2041 Sic.
2208 1988 2305 2043 XI.
2333 2008 2386 2045 c.

1396 2052 1483 2104 58.
1527 2049 1910 2117 Thucydidem
1940 2055 2192 2123 sequitur
2220 2058 2386 2116 Corn.

1392 2120 1582 2185 Nepos
1606 2122 1671 2171 ΙΙ.
1706 2122 1788 2183 10,
1817 2122 1869 2175 5.

1464 2186 1516 2238 4.
1595 2188 2012 2259 Cleombrotum]
2049 2192 2181 2244 Erat
2200 2194 2258 2245 in
2289 2212 2388 2248 co-

1396 2252 1524 2305 dice
1594 2258 1996 2310 Theombrotum
2066 2264 2390 2317 Ambrocio-

1394 2336 1528 2375 tam.
1598 2324 1676 2373 De
1715 2340 1780 2375 eo
1822 2324 1900 2375 ita
1943 2326 2134 2379 Cicero
2163 2332 2390 2390 Tuscul.

1395 2393 1439 2441 1.
1487 2389 1572 2443 35.
1621 2390 1757 2457 [843
1811 2392 1932 2459 84.]
2007 2396 2389 2460 „Callimachi

1398 2458 1626 2527 quidem
1677 2460 2021 2531 epigramma
2063 2464 2121 2515 in
2156 2470 2391 2521 Ambra-

1396 2529 1607 2579 ciotam
1624 2528 2041 2584 Cleombrotum
2070 2544 2180 2587 est:
2218 2556 2391 2605 quem.

1398 2597 1506 2661 ait,
1543 2613 1671 2648 cum
1711 2598 1761 2649 ei
1792 2598 1932 2652 nihil
1973 2603 2264 2657 accidisset
2289 2607 2388 2658 ad-

1396 2664 1572 2732 versi,
1610 2682 1639 2717 e
1678 2682 1844 2719 ’muro
1875 2686 1934 2720 se
1962 2670 2018 2735 in
2049 2688 2204 2725 mare
2233 2676 2387 2728 abie-

1399 2736 1556 2797 cisse,
1597 2734 1745 2787 lecto
1767 2736 2009 2793 Platonis
2033 2740 2236 2795 libro.“
2283 2744 2390 2796 Vi-

1399 2804 1470 2854 de
1535 2804 1859 2857 Callimachi
1932 2807 2032 2875 Epi
2075 2827 2119 2863 r.
2181 2814 2384 2868 XXIV.

1398 2870 1655 2922 Ovidium
1680 2874 1739 2923 in
1769 2874 1846 2925 lb.
1878 2893 1926 2929 v,
1955 2878 2022 2929 49
2060 2916 2105 2942 .,
2142 2880 2388 2933 Lactan-

1396 2936 1539 2989 tium
1559 2945 1744 2993 Divin.
1761 2946 1946 2995 Instit.
1976 2948 2067 2997 111.
2088 2948 2168 3010 18,
2207 2948 2288 3015 [9.
2305 2950 2384 3020 8.]

1395 3009 1766 3076 Augustinum
1799 3008 1865 3060 de
1907 3016 2064 3065 civit.
2088 3020 2200 3067 Dei
2227 3018 2267 3068 I.
2297 3020 2388 3074 22.

1396 3076 1501 3126 PR.
1575 3076 1760 3127 *Petri
1803 3077 1872 3128 de
1907 3078 1964 3131 la
2004 3083 2387 3137 Sena·Cleom-

1396 3146 1583 3196 bracus
1609 3158 1650 3196 ε.
1667 3148 1734 3196 de
1762 3148 1848 3211 iis,
1873 3152 1970 3217 qui
1991 3152 2048 3199 in
2071 3156 2230 3221 aquis
2246 3173 2386 3223 per-

1394 3227 1525 3265 eunt
1551 3211 1676 3262 diss.
1700 3214 1906 3265 Romae
1935 3230 2111 3268 exous.
2139 3234 2226 3289 ap.
2249 3224 2388 3273 Fac·
2463 3255 2472 3263 -

1396 3281 1552 3333 oiott.
1601 3282 1751 3335 1637.
1799 3284 1852 3337 8.
1897 3282 2164 3337 laudatur
2207 3290 2388 3345 Biine-

1392 3365 1602 3401 manno
1645 3350 1716 3401 ad
1755 3353 2028 3405 Lactantii
2064 3352 2105 3409 l.
2129 3354 2225 3408 ubi
2248 3359 2387 3413 item

1392 3416 1524 3470 libri
1553 3418 1779 3489 quidam
1820 3420 2030 3475 hahent
2067 3428 2387 3483 Theombro-
2485 3486 2504 3497 x

1393 3504 1506 3543 tum
1513 3526 1526 3542 ι

1449 3558 1590 3613 ¹Non
1607 3558 1778 3633 quod]
1815 3558 1996 3613 Codex
2007 3580 2114 3615 non
2135 3582 2258 3635 quo.
2277 3564 2386 3617 PR.

1395 3625 1558 3680 ¹'‘Hoc
1584 3629 1768 3697 ipsum
1786 3631 2032 3698 reposui.
2089 3638 2203 3699 Quo
2231 3632 2382 3697 (scil.

1397 3700 1586 3763 modo)
1629 3708 1756 3765 post
1793 3699 2113 3767 negationes
2153 3716 2283 3750 cum
2323 3717 2386 3751 o·

1397 3767 1609 3831 ptativo
1633 3766 1789 3817 verbi
1807 3766 1974 3816 modo
1996 3765 2254 3817 iunctum
2279 3767 2315 3818 i.
2333 3782 2383 3820 e.

1397 3848 1465 3949 a?
1494 3838 1715 3951 midai-d
1743 3836 1806 3969 ἕ.
1821 3854 1911 3953 ἔν.
1983 3852 2044 3885 ro
2089 3837 2268 3969 Ἰὶαἷέίἓο,
2294 3836 2380 3959 gg.

1398 3914 1677 3952 c.os.a
1782 3920 2194 3956 ..eor..·
2365 3939 2381 3956 .

1398 3970 1557 4035 Quod
1603 3988 1703 4038 ego
1757 3988 1866 4020 non
1913 3969 2166 4043 superbia
2209 3988 2380 4044 neque

1396 4038 1794 4089 inhumanitate
1827 4036 2108 4106 faciebam
2157 4057 2282 4111 neq
2300 4061 2383 4094 ue

1396 4124 1530 4177 quo
1569 4102 1638 4170 (i.
1659 4119 1706 4158 e.
1728 4106 1866 4157 noch
1889 4108 2028 4157 auch
2056 4107 2140 4163 ale
2167 4109 2260 4177 ob)
2288 4124 2382 4161 tuo
2443 4118 2453 4123 ”

1393 4175 1582 4228 studio
1631 4208 1647 4227 .
1684 4210 1701 4227 .
1738 4210 1755 4227 .
1805 4190 1915 4227 non
1981 4174 2200 4247 obsequi
2249 4180 2390 4230 vel·
2453 4211 2462 4219 ·

1817 4239 2022 4331 Ka,
