2859 4617
657 294 1256 401 PRAEFA'rm
1295 327 1735 403 ALTERA:
2060 341 2247 398 xxm

174 510 552 588 ereptanlm
587 510 744 563 non‘
775 522 1015 587 paucas
1046 498 1400 588 particulas
1433 500 1515 565 ab
1534 496 1766 565 inferis
1838 496 2037 561 ariter
2062 496 2251 561 ‘exci-
2332 515 2341 523 ·

173 595 410 649 tamne.
497 583 586 648 Et
609 586 922 649 orationis
990 587 1216 650 uidem
1239 583 1334 649 IN
1361 583 1768 649 CLODIUM
1846 582 1913 647 T
1934 581 2251 647 GURIO-

171 668 365 732 NEM
405 678 511 731 tot
549 667 924 753 fragmenta
1012 669 1555 757 eprehendirnu3‚
1613 678 1781 754 quot
1822 667 1963 732 fere
2006 665 2092 728 ad
2135 686 2259 729 co·-
2315 742 2329 756 .
2509 738 2526 752 ο

168 753 623 839 gnoscendum
663 753 872 816 totius
913 755 1134 843 operis
1171 774 1444 817 cursum
1479 750 1839 817 sufficiunt.
1880 784 1971 799 --
2006 784 2099 801 --
2138 749 2257 812 Ci-
2270 746 2555 799 &dmm

165 858 478 901 ceronem
505 836 712 922 igitur
739 837 958 903 denuo
985 850 1316 919 tenemus,
1363 859 1504 923 quo
1528 837 1721 923 quid,
1759 857 1923 916 ore,
1956 855 2087 898 nos
2106 854 2259 897 me·-
2338 815 2485 867 ¹²¹¹*

165 921 296 985 lius
325 921 639 985 volumus
653 966 672 997 ‚
711 932 827 985 aut
900 922 1014 985 uid
1037 921 1437 1009 praeclarius
1469 934 1785 1009 optamus
1802 915 1835 983 ’ἕ
1918 918 2137 983 Huius
2169 938 2259 981 ex

163 1005 521 1069 uberrimis
543 1003 844 1069 fontibus
921 1018 1237 1071 auserunt
1262 1006 1622 1070 doctissimi
1648 1007 1895 1093 quique
1914 1003 2060 1079 viri,
2104 1002 2261 1087 qni-

163 1090 296 1154 bus
335 1100 564 1153 tamen
605 1090 917 1153 omnibus
959 1091 1100 1177 ipse
1149 1101 1439 1179 praestat
1476 1090 1765 1155 elatione
1796 1113 1871 1155 ac
1924 1088 2261 1153 divinitate
2346 1156 2365 1171 κ

165 1173 491 1243 orationis
536 1184 711 1239 suae.
797 1174 1006 1238 Tullii
1055 1175 1382 1263 siquidem
1429 1174 1803 1260 eloquentia
1828 1186 1982 1247 tum
2007 1190 2257 1257 magno

163 1278 373 1321 cursu
423 1258 780 1343 sonituque
817 1257 1148 1336 defertur,
1189 1271 1340 1323 tum
1380 1281 1584 1344 quem
1622 1258 1868 1323 florem
1914 1268 2029 1321 aut
2070 1252 2257 1341 quod

84 1409 87 1413 ,
160 1340 402 1404 lumen
445 1340 794 1425 elegantiae
835 1361 977 1405 non
1021 1338 1260 1405 habet?
1345 1344 1490 1407 Hoc
1541 1344 1881 1408 enimvero
1930 1341 2259 1430 scriptore
2312 1342 2321 1355 ’

162 1424 345 1488 nihil
377 1422 678 1486 ornatius
705 1424 886 1509 apud
911 1426 1178 1489 Latinos
1209 1448 1293 1489 ex
1328 1426 1517 1489 omni
1548 1426 1963 1489 saeculorum
1988 1444 2260 1487 memo-

163 1510 275 1572 ria
313 1506 660 1590 cognitum
708 1517 826 1570 est.
910 1506 972 1567 N
973 1528 1328 1570 umerosus
1375 1520 1469 1569 est
1509 1508 1725 1573 verbis
1740 1553 1760 1583 ‚
1802 1508 2077 1570 illustris
2106 1526 2261 1569 sen-

164 1590 396 1655 tentiis
411 1634 430 1667 ,
475 1588 841 1685 exquisitus
883 1587 1178 1652 doctrina
1195 1635 1216 1666 ,
1259 1591 1665 1675 argumentis
1696 1590 1978 1655 invictus
1993 1636 2014 1669 ,
2054 1585 2262 1651 uber·-

162 1684 312 1738 tate
337 1694 572 1738 rerum
592 1672 924 1735 infinitus:
968 1694 1088 1736 nec
1118 1672 1256 1737 ulla
1283 1686 1378 1737 est
1404 1672 1549 1737 ullo
1572 1673 1645 1736 in
1672 1694 1908 1759 genere
1932 1671 2075 1735 laus
2102 1692 2261 1735 ora-

159 1758 338 1823 toris
355 1802 376 1836 ,
415 1757 611 1904 peius·
646 1756 720 1823 in
761 1755 1088 1824 Tullianis
1129 1756 1541 1823 orationibus
1584 1778 1727 1823 non
1764 1757 1852 1825 sit
1882 1754 2262 1847 perfectam

161 1863 413 1931 exemp
443 1862 539 1907 ar.

340 1994 456 2059 VI.
544 1994 748 2073 Quod
790 1996 844 2059 si
883 1996 1026 2063 Deo
1061 1997 1284 2063 visum
1325 2008 1523 2077 esset,
1564 2009 1645 2063 ut
1667 2020 1801 2085 pro
1826 1996 1931 2063 his
1950 1996 2261 2085 pretiosis
2296 1996 2593 2075 cognmen-

171 2080 444 2167 quidem
464 2078 578 2143 sed
601 2080 922 2145 distractis
957 2092 1156 2169 atque
1175 2082 1481 2169 abruptis
1514 2082 1843 2147 Ciceronis
1870 2081 2263 2169 fragmentis
2276 2071 2406 2183 ¹²:5¹¹
2423 2076 2594 2183 ἔξω·

169 2168 353 2254 ipsos
385 2166 682 2251 integros
703 2163 910 2229 libros
941 2165 1411 2245 effoderemus,
1455 2178 1616 2230 tunc
1644 2168 1922 2231 demum
1950 2167 2263 2231 omnium
2352 2148 2425 2183 ω
2470 2147 2523 2186 ‘¹‘

169 2250 603 2315 eruditorum
648 2248 968 2334 gaudium
1014 2262 1178 2314 esset
1219 2250 1661 2315 cumulatum.
1747 2251 1811 2315 Ν
1812 2272 1947 2313 unc
1980 2250 2051 2313 id
2087 2248 2265 2313 desi-.-

167 2336 436 2399 derium
472 2354 628 2397 sane
665 2354 866 2417 grave
897 2344 1098 2419 atque
1131 2334 1445 2397 acerbum
1472 2334 1991 2397 commentarius
2024 2332 2263 2427 copio-
2312 2342 2322 2351 “
2363 2340 2374 2351 “

170 2442 282 2485 sus
311 2418 594 2483 ineditus
623 2438 768 2481 non
839 2438 1038 2481 arum
1063 2416 1342 2481 solatur.
1423 2416 1509 2481 In
1539 2434 1675 2502 quo
1706 2416 1977 2501 quidem
2010 2424 2261 2501 scripto

168 2502 630 2588 antiquissimo
661 2500 778 2585 qui
851 2500 1304 2573 vehementius
1333 2500 1623 2564 admirer
1650 2521 1793 2564 non
1824 2498 2126 2586 dispieim
2154 2503 2262 2565 ‚a‘n
2365 2544 2373 2550 -

164 2587 510 2653 latinitatis
569 2585 870 2651 videlicet
925 2586 1286 2683 puritatem
1301 2632 1322 2665 ,
1384 2606 1469 2649 an
1516 2584 1903 2651 elocutionis
1946 2584 2261 2661 nitorem,

167 2695 258 2737 an
301 2671 636 2735 doctrinae
670 2670 1086 2757 sapientiam,
1145 2692 1232 2735 an
1267 2668 1659 2757 Interpretis
1706 2670 1988 2755 denique
2022 2668 2097 2733 in
2132 2688 2259 2733 suo

165 2754 398 2823 officio
430 2776 710 2840 prorsus
737 2754 1012 2840 perfecti
1035 2755 1591 2820 accuratissimam
1616 2754 2055 2819 sedulitatem.
2107 2753 2263 2817 Huc

161 2838 466 2915 accedit,
514 2837 702 2921 quod
746 2835 934 2902 valde
977 2838 1340 2923 praeclaras
1379 2851 1445 2902 et
1485 2860 1725 2916 novas,
1781 2839 1899 2925 qui
1944 2848 2263 2904 nostrum

163 2924 625 3005 Interpretem
690 2919 893 3003 leget,
963 2923 1226 2985 notitias
1283 2920 1565 2986 hauriet.
1656 2922 1823 3001 Quis
1868 2932 2017 2985 ante
2058 2918 2263 2983 huius

167 3004 544 3071 editionem
595 3000 848 3063 audivit
894 3002 973 3065 de
1019 3026 1062 3065 o
1113 3026 1222 3066 ere
1265 3005 1594 3067 Ciceronis
1687 3006 1827 3067 uod
1864 3004 2063 3067 inseri
2110 3012 2265 3065 tum

165 3088 386 3155 fucrit
445 3082 858 3147 EDICTUM
908 3084 986 3147 L.
1099 3084 1358 3147 ACILII
1409 3086 1620 3163 TRIB
1692 3085 1785 3148 NI
1830 3084 2048 3147 PLEB
2130 3078 2265 3171 4)‘?
2342 3138 2345 3141 ,

170 3172 350 3253 Quis
380 3180 719 3256 praeterea
746 3165 1084 3247 Quintum
1114 3167 1322 3231 Marci
1357 3167 1643 3231 fratrem
1674 3167 2036 3257 praefuisse
2064 3183 2267 3257 prae·
2366 3200 2379 3209 ·
2412 3194 2416 3201 ·

167 3270 402 3321 torem
451 3274 708 3333 causae,
775 3272 977 3336 quam
1025 3250 1289 3317 Marcus
1331 3252 1500 3317 dixit
1545 3254 1671 3339 pro
1724 3253 1803 3319 A:
1838 3250 2091 3316 Licinio
2140 3250 2269 3316 Ar.-

175 3340 326 3405 chia
354 3332 478 3424 5)‘.'
562 3336 822 3422 Nequid
853 3334 1064 3401 dicam
1091 3338 1172 3401 de
1189 3336 1596 3425 ‘pei-utilibus
1624 3336 2095 3424 grammaticae
2116 3334 2267 3426 ipsi,

176 3420 727 3508 orthographiae,
769 3418 1119 3501 historiae,
1163 3434 1246 3485 et.
1305 3420 1664 3508 hilologiae
1685 3422 1878 3499 locis,
1924 3444 2093 3507 quos
2124 3442 2269 3485 non

173 3506 494 3573 incuriosi
549 3504 825 3571 lectores
881 3507 1132 3602 passim
1181 3528 1220 3569 o
1279 3506 1537 3569 endent.
1622 3506 1688 3569 N
1690 3507 1885 3593 equid
1926 3508 2137 3571 dicam
2185 3506 2270 3571 de

176 3590 461 3656 Afranii.
481 3587 558 3676 6)
623 3601 687 3653 et
733 3590 943 3653 Sinmi
984 3590 1320 3685 Capitonis
1367 3591 1447 3675 7)
1509 3591 2042 3666 auctoritatibus,
2099 3608 2269 3677 quae

180 3674 389 3741 semel
421 3672 801 3739 laudantur.
887 3672 953 3735 N
955 3674 1152 3757 equid
1183 3674 1468 3757 denique
1496 3676 1709 3737 dicam
1743 3675 1823 3739 de
1880 3674 1953 3737 C.
1988 3670 2269 3736 Gracchi
2286 3648 2605 3773 gffitjgffi„

178 3759 391 3855 nobili
417 3756 736 3854 orationis
757 3754 1170 3853 fragmento,
1263 3757 1398 3820 uod
1427 3758 1499 3819 in
1531 3758 1635 3820 his
1664 3759 1825 3845 ipsis
1856 3764 2272 3839 commenta-5
2284 3787 2573 3859 fragmen-

177 3866 296 3906 rns
329 3863 517 3929 quasi
537 3860 814 3935 ‚gemma
838 3836 1186 3931 lectissima
1269 3850 1418 3905 ucet
1449 3839 1555 3925 8).
1599 3872 1689 3889 -·
1728 3870 1817 3889 -··
2281 3864 2404 3909 tum
2422 3857 2604 3911 inedi-

253 4041 324 4107 4)
360 4045 454 4093 Or.
485 4062 592 4114 pro
615 4040 844 4094 Plancio
869 4038 1100 4089 xxxn.
1131 4039 1179 4092 1.
1294 4003 1303 4012 ν
1349 4037 1422 4102 7)
1454 4037 1685 4108 Argum.
1716 4050 1801 4088 or.
1834 4037 1906 4089 de
1935 4054 2061 4091 aere
2085 4038 2267 4091 alieno

251 4112 322 4177 5)
360 4114 454 4165 Or.
477 4131 583 4182 pro
597 4112 806 4163 Archia
831 4111 900 4162 Π.
927 4110 976 4162 1.
1033 4111 1088 4157 et
1099 4102 1177 4173 2.]
1280 4106 1404 4163 Mil·
1624 4141 1631 4149 ·

254 4178 453 4247 6)-or.
482 4184 540 4234 in
568 4180 716 4236 clod.
741 4192 800 4235 ct
831 4184 952 4233 Gur·
1035 4172 1129 4233 .'8.
1285 4208 1290 4211 -
1349 4174 1420 4241 8)
1456 4175 1678 4247 Onpro
1702 4174 1861 4245 Sylla
1886 4174 1987 4229 lx.
2012 4174 2062 4229 1.
2115 4208 2138 4218 --
2254 4192 2263 4207 ⁸
