2859 4617
631 298 1212 369 PRAEFATIO
1255 296 1685 370 ALTERA.
2058 320 2201 367 ιιι

119 464 566 557 Philargyn'o
595 479 788 549 teste,
825 472 976 538 heic
1002 472 1125 539 abs
1153 470 1577 559 Hieronymo
1598 470 1919 537 indicari.
2004 472 2205 538 Adeo

124 576 242 615 nec
273 566 584 639 oportere
622 568 744 620 aut
781 556 948 621 duos
987 580 1138 621 cum
1174 556 1531 643 Scaligero
1563 556 1889 621 Asconios
1918 561 2205 623 commi·
2298 603 2305 611 -

125 638 326 717 uisci,
371 648 442 701 ut
478 649 858 726 temporum
895 643 1080 706 ratio
1121 651 1366 705 constet
1407 638 1705 727 (alioqui
1741 640 2049 728 Virgilio
2067 640 2205 729 fu·-

123 720 422 786 miliat-is
451 722 812 801 diceretur,
860 727 975 813 qui
1000 728 1204 790 annis
1269 748 1378 791 ere
1409 725 1670 811 viginti
1700 724 1787 788 ab
1816 726 1953 790 eius
1987 737 2205 790 morte

121 817 329 869 uatus
375 804 648 871 demum
671 805 964 909 ficisset)
1010 822 1132 875 aut
1225 834 1260 875 e
1302 822 1403 873 tot
1443 830 1784 873 annorum
1824 810 2207 873 metachro-

121 890 377 967 ηἰενηο,
421 901 491 952 nt
529 891 712 956 idem
762 894 1073 981 Scaliger
1109 894 1184 959 in
1209 893 1519 981 secundis
1548 894 1759 974 canis,
1805 904 1867 957 et
1888 894 2207 958 Har-dui-

119 994 248 1035 nns
271 974 378 1051 ‘ad
401 974 710 1040 Plinium
721 974 1027 1065 faciunt,
1051 978 1564 1064 IIieronymum
1590 978 1921 1043 incusare.
1986 978 2210 1064 Igno-

122 1067 228 1119 tus
255 1057 368 1121 hic
392 1058 582 1123 nobis
612 1073 710 1125 est
739 1085 814 1127 re
841 1074 902 1128 et
927 1064 1202 1129 nomine
1239 1075 1506 1141 auctor,
1559 1063 1639 1146 Q.
1688 1064 1831 1128 sive
1882 1062 2211 1146 Quirinus

120 1151 187 1227 et
233 1141 290 1204 S
331 1143 628 1208 uirium.-
683 1146 1044 1226 Asconius,
1089 1150 1236 1213 sive
1277 1147 1619 1212 Ausonius
1632 1192 1651 1225 ‚
1705 1158 1772 1213 et
1811 1146 2215 1219 Pasconiusj

120 1234 184 1288 et
223 1164 598 1308 Aqscodins,
643 1242 709 1294 eb
753 1232 1199 1319 Squascodius
1238 1244 1356 1297 ete.
1397 1233 1503 1295 ita
1545 1231 1727 1295 enim
1758 1242 2015 1296 veteres
2051 1228 2215 1293 libri

118 1311 414 1373 variant
443 1310 587 1395 38).
671 1314 939 1378 Pontaci
959 1328 1180 1380 autem
1203 1316 1273 1379 in
1297 1314 1481 1379 hunc
1508 1314 1803 1378 chronici
1826 1315 2054 1379 locum
2078 1335 2215 1376 no-

121 1400 310 1467 tam,
355 1413 442 1455 ex
482 1414 614 1477 qua
651 1393 812 1460 haec
847 1398 992 1461 fere
1036 1410 1192 1461 sunt
1238 1409 1453 1475 eruta,
1500 1398 1647 1461 vide
1670 1399 1755 1460 sis
1785 1398 1855 1461 in
1882 1406 2211 1486 apparatu

116 1474 210 1538 ad
239 1474 644 1557 chronicon,
689 1479 897 1543 Tomi
924 1482 1216 1548 eiusdem
1239 1483 1481 1567 pagina
1504 1488 1650 1547 263.
1673 1561 1677 1565 .
1698 1488 1781 1547 39
1796 1479 1842 1567 ).

307 1606 623 1715 Superest
647 1610 1044 1694 excutienda,
1057 1611 1376 1675 sententia
1397 1611 1611 1693 Vossii
1634 1612 1753 1695 qui
1782 1612 1905 1698 40)
1950 1633 2035 1675 ex
2062 1601 2390 1675 Suj.vossii
2408 1617 2545 1673 (ΡΟ-

125 1691 214 1787 da
241 1711 392 1757 voc.
421 1694 704 1771 Λπίκιος
726 1692 1014 1777 Μάρκος
1045 1708 1108 1761 et
1133 1690 1507 1771 Ἀσκώνιος,
1556 1695 1795 1781 quibus
1824 1696 1895 1759 in
1920 1694 2082 1759 locis
2112 1689 2546 1793 di-t‘gssggffix·

126 1787 308 1838 citur
329 1776 650 1841 Asconius
676 1782 1021 1845 ventitasse
1048 1780 1129 1842 ad
1151 1800 1449 1843 mensam
1476 1778 1570 1842 Μ.
1595 1780 1809 1865 Apicii
1834 1800 1989 1842 cum
2021 1778 2213 1845 Iunio
2230 1810 2408 1863 sconii
2428 1825 2522 1861 ae-

129 1858 397 1936 Blaeso,
442 1873 628 1927 notat
651 1864 1086 1928 recentiorem
1113 1875 1386 1927 aetatem
1415 1865 1671 1927 Asconii
1687 1909 1705 1940 ,
1750 1864 2068 1947 quoniam
2092 1862 2215 1926 Iu-
2234 1888 2351 1931 tate
2379 1876 2514 1929 reii-

133 1944 284 2005 nius
331 1943 596 2010 Blaesus
647 1948 960 2025 omnin0‚
1017 1959 1094 2011 ut
1134 1949 1252 2027 ait,
1308 1949 1392 2011 sit
1436 1948 1545 2011 ille
1586 1949 1701 2031 qui
1728 1947 1975 2013 Galbae
2002 1958 2065 2011 et
2094 1946 2215 2010 Vi-
2297 1948 2461 2003 citur.

132 2026 300 2089 tellii
337 2037 475 2092 tem
533 2032 756 2097 oribus
788 2030 987 2113 vixit,
1033 2043 1096 2095 et
1139 2054 1343 2117 quem
1371 2031 1639 2095 Tacitus
1672 2033 1742 2094 in
1782 2030 2219 2095 historiarum

135 2107 324 2173 libris
353 2110 404 2174 I.
428 2112 460 2176 Ι
495 2161 510 2177 .
541 2125 606 2177 et
628 2114 739 2182 III.
773 2127 1107 2179 memorat
1131 2114 1278 2202 41).
1325 2116 1451 2179 Sed
1478 2117 1580 2181 vir
1606 2116 1945 2201 ceteroqui
1972 2114 2220 2177 doctis·-

136 2194 348 2259 simus
372 2194 480 2262 hic
507 2200 676 2269 mihi
703 2200 908 2266 salsus
931 2200 1190 2269 videtur
1199 2247 1218 2279 ,
1261 2222 1400 2265 non
1430 2200 1837 2265 considerato
1880 2199 2036 2264 satis
2062 2197 2221 2265 Sui-

206 2433 300 2499 38)
340 2435 404 2483 In
415 2433 706 2487 'Eusebiani
721 2435 974 2490 chronici
987 2436 1138 2519 prin-

144 2501 263 2567 cipe
312 2498 562 2555 editione
607 2504 1008 2560 mediolanensi
1055 2516 1168 2575 est·

149 2570 407 2632 Quirinus
430 2578 702 2627 Ascanius
739 2580 1031 2630 Pedianus,

209 2640 306 2706 39)
347 2644 659 2721 Antequam
687 2643 850 2695 alteri
888 2644 1020 2696 huic
1051 2644 1135 2695 ci-

148 2708 368 2759 ceronis
393 2708 628 2761 editioni
664 2728 982 2780 supremam
1005 2730 1134 2764 ma-

145 2790 282 2827 num
313 2776 695 2845 imponerem,
761 2780 831 2832 de
868 2782 1135 2833 chronico

147 2840 374 2897 Eusebii
418 2846 621 2913 (quem
671 2850 868 2900 Graeci
933 2859 1136 2913 totum,

147 2913 334 2965 Latini
415 2912 706 2965 dimidium
785 2916 1139 2983 desiderant)

148 2982 300 3049 apud
338 2982 626 3031 Armenios
667 2984 912 3033 venetiis
948 3002 1142 3053 super-

153 3050 278 3100 stite
317 3046 394 3099 ad
435 3066 528 3099 me
575 3050 775 3101 notitia
817 3051 1002 3103 delata
1041 3061 1141 3105 est.

155 3120 308 3179 Quae
334 3134 509 3186 quum
549 3118 798 3171 animum
819 3136 1026 3179 meum,
1060 3119 1145 3170 uti

151 3202 254 3253 par
299 3194 450 3252 erat,
499 3186 979 3248 vehementissime
1015 3204 1145 3255 per-

157 3255 426 3321 cussisset,
459 3256 702 3323 seposito
736 3273 1039 3325 parumper
1059 3256 1146 3307 ci-

161 3338 380 3386 cerone,
415 3324 574 3391 coepi
608 3326 888 3392 protinus,
927 3326 1143 3377 adiuto-

159 3406 218 3441 re
248 3400 306 3443 et
329 3392 635 3461 interprete
674 3394 766 3463 qui
793 3412 852 3445 se
878 3394 1145 3446 Mediola-

164 3474 294 3511 num
345 3461 583 3511 contulit
623 3467 828 3514 Ioanne
889 3462 1144 3515 Zohrebo

167 3525 392 3580 doctore
429 3529 708 3596 armeniO,
747 3532 998 3583 chronici
1033 3535 1146 3581 Eu·-

167 3596 370 3647 sehiani
428 3597 856 3666 descriptionem
905 3616 1147 3651 accura-

167 3670 276 3715 tam
303 3664 604 3731 conficere,
643 3667 1000 3735 eiusdemque
1031 3684 1149 3718 am-

165 3731 468 3797 plissimum
496 3736 776 3801 specimen
792 3736 936 3803 typis
961 3735 1146 3786 trade-

173 3815 245 3851 re.
311 3804 512 3871 Itaque
533 3804 578 3853 is
605 3803 750 3855 liber
775 3820 904 3853 cum
933 3803 1147 3871 graecis

173 3867 476 3922 PHILONIS
507 3879 564 3923 et
593 3874 958 3922 PORPHYRH
991 3870 1148 3921 novis

178 3939 456 4005 operibus,
506 3956 746 4007 quorum
783 3939 894 3989 alia
929 3938 989 3989 in
1029 3954 1150 3987 am-

178 4002 433 4059 brosianis
466 4008 577 4059 alia
612 4010 672 4060 in
697 4005 1026 4060 armeniacis
1055 4021 1151 4055 co·

183 4070 380 4129 dinibus
423 4076 648 4129 inventa
699 4085 890 4140 erant,
956 4072 1150 4143 paucis

181 4140 366 4198 abhinc
388 4146 670 4199 mensibus
692 4144 992 4200 Mediolani
1027 4140 1151 4194 edi-

1233 2444 1324 2489 tus
1349 2442 1449 2489 est.
1519 2432 1629 2485 Sed.
1660 2432 1811 2485 enim
1846 2430 1918 2483 ad
1946 2430 2103 2483 huno
2136 2428 2226 2481 lo-

1235 2522 1368 2558 cum
1399 2503 1551 2573 quod
1591 2501 1827 2565 adtinet,
1860 2499 2019 2551 nulla
2056 2504 2225 2549 Asco-

1234 2574 1315 2625 nii
1333 2571 1390 2624 in
1421 2570 1740 2623 armeniaco
1778 2568 1999 2621 Eusebii
2028 2566 2225 2619 codice

1234 2642 1446 2695 mentio
1489 2642 1571 2694 fit.
1643 2642 1719 2690 Ex
1758 2655 1867 2707 quo
1894 2637 2029 2689 licet
2056 2634 2225 2687 intel-

1233 2712 1437 2781 ligere,
1490 2726 1619 2761 eum
1662 2706 1897 2758 latinum
1934 2712 2226 2757 auctorem

1235 2782 1333 2831 ebs
1358 2780 1699 2846 Hieronymo
1724 2775 2105 2835 inchronicas
2119 2776 2225 2825 Eu-

1235 2848 1374 2901 sebii
1394 2847 1611 2898 tabulas
1638 2862 1755 2896 esse
1778 2844 2078 2895 invectum.
2112 2844 2223 2893 Ne·-

1239 2931 1348 2985 que
1387 2915 1449 2965 id
1484 2916 1721 2978 mirum,
1758 2929 1931 2981 quum
1973 2928 2075 2963 nos
2107 2910 2224 2976 ipse

1237 2985 1604 3049 Hieronymus
1624 2982 1685 3031 in
1730 2980 1979 3031 chronici
2006 2976 2226 3046 praefa-

1237 3050 1392 3101 tione
1419 3051 1489 3101 de
1530 3049 1781 3100 instituto
1812 3063 1911 3099 suo
1934 3047 2018 3097 his
2043 3044 2226 3097 verbis

1239 3126 1499 3168 moneat.-
1549 3118 1835 3169 Sciendum
1888 3128 2002 3177 est,
2050 3132 2135 3165 me
2174 3124 2231 3163 σε

1239 3187 1557 3256 interpretis
1580 3198 1637 3236 et
1674 3186 1956 3253 scriptoris
1983 3202 2049 3234 ex
2065 3192 2233 3253 parte

1244 3255 1432 3325 officio
1452 3274 1623 3318 usum,
1640 3255 1771 3323 quia
1794 3266 1849 3303 et
1870 3270 2069 3321 graeca
2082 3251 2233 3317 fide-

1240 3327 1447 3377 lissime
1458 3325 1713 3393 expressi,
1748 3335 1803 3373 et
1815 3321 2075 3373 nonnulla
2090 3337 2234 3389 quae

1243 3396 1380 3447 mihi
1406 3394 1719 3445 intermissa
1744 3390 2089 3452 videbantur,
2124 3388 2235 3439 ad-

1247 3465 1364 3526 ieci,
1399 3464 1461 3513 in
1481 3478 1706 3516 romana
1732 3462 1965 3512 maxime
1980 3458 2233 3521 historia,

1283 3550 1409 3583 uam
1455 3532 1719 3582 Eusebius
1773 3531 1933 3581 huius
1988 3528 2238 3582 conditor

1270 3601 1404 3662 ibri,
1440 3618 1549 3651 uon
1574 3612 1689 3651 tam
1712 3600 2012 3667 ignorasse,
2050 3604 2237 3665 utpote

1247 3670 1647 3719 eruditissimus
1660 3700 1679 3729 ‚
1715 3685 1874 3735 quam
1912 3677 1975 3715 ut
1989 3698 2005 3725 ,
2041 3678 2239 3733 graece

1249 3737 1505 3797 scribens,
1520 3754 1718 3804 parum
1742 3736 1857 3785 suis
1878 3731 2241 3783 necessariam

1247 3806 1645 3874 perstrinxisse,
1678 3802 1815 3853 mihi
1838 3800 2077 3851 videtur.

1316 3904 1424 3967 40)
1459 3908 1548 3955 De
1584 3898 1844 3953 IIistoric.
1886 3900 1989 3951 lat.
2012 3900 2055 3953 1.
2080 3896 2168 3949 27.
2204 3904 2219 3978 'D

1319 4002 1418 4067 41)
1470 4002 1625 4054 Idem
1669 4014 1845 4067 paene
1878 3998 1961 4051 ait
1994 3996 2242 4069 Scaliger

1251 4072 1495 4207 gnifflnggff.
1514 4073 1595 4187 ,ad
1634 4072 1751 4187 chr..
1778 4069 1969 4123 Euseb.
2008 4066 2097 4187 ecl„
2127 4082 2241 4123 seo.
