2859 4617
760 262 933 331 PRO
974 260 1073 331 M.
1113 256 1484 327 AEMILIo
1503 342 1508 349 ,
1529 244 1900 329 scAURO.

2229 268 2374 339 'm

2328 336 2338 345 ο

2257 364 2264 379 4

282 426 613 499 Memmio
626 479 647 513 ,
716 442 783 499 et
820 432 907 499 T.
948 430 1321 535 Peducaeus
1370 440 1438 495 et
1475 428 1548 495 C.
1583 430 1752 499 Cato
1803 443 1867 498 et
1905 431 2002 507 Μ.
2044 434 2372 509 Octavius

281 517 537 585 Laenas
574 518 956 605 CurtianUS.

453 638 821 701 Sententias
853 634 1159 699 tuierunt
1194 631 1542 699 Senatores
1587 632 1724 702 duo
1767 647 1834 699 et
1870 632 2038 707 XX,
2094 634 2366 723 Equites

275 732 411 788 tres
440 733 504 785 et
530 721 667 787 XX
682 766 703 797 ,
746 719 1037 785 Tribuni
1071 719 1303 815 aerarii
1330 716 1561 783 XXV=
1585 803 1598 815 ι
1622 740 1708 784 ex
1738 718 1978 817 quibus
2008 720 2364 793 damnave-

277 816 445 872 runt
471 804 818 869 Senatores
846 800 974 883 IV,
1027 802 1300 891 Equites
1330 800 1396 866 II
1410 851 1435 883 ‚
1477 799 1771 868 Tribuni
1798 801 1883 879 II,
2051 816 2066 833 ‘

446 937 618 1003 Cato
649 948 985 1027 praeterea
1018 959 1229 1023 quom
1250 906 1448 1003 veliet
1479 936 1558 1001 de
1587 934 2076 1002 accusatoribus
2101 937 2172 1000 in
2199 959 2365 1002 con·-

274 1023 501 1089 silium
538 1022 806 1087 mittere
840 1020 1172 1119 multique
1216 1045 1251 1087 e
1289 1021 1554 1111 populo
1583 1040 1822 1085 manus
1859 1021 1930 1085 in
1963 1033 2366 1087 accusatores
2457 1088 2468 1101 ,
2554 1058 2560 1065 =

272 1107 727 1173 intenderent:
786 1106 973 1173 cessit
1003 1108 1351 1193 imperitae
1396 1104 1812 1171 multitudini
1859 1126 1930 1169 ac
1960 1116 2232 1192 postero
2265 1107 2370 1175 die

274 1191 351 1259 in
386 1191 741 1259 consilium
787 1192 871 1258 de
916 1190 1244 1257 calumnia
1275 1202 1734 1257 accusatorum
1763 1189 1968 1257 misit.
2056 1188 2134 1256 C.
2166 1190 2229 1260 T
2229 1190 2367 1260 ria-

794 1340 804 1355 Q

260 1374 984 1494 familiaszostulaverunt
1018 1376 1127 1427 duo
1164 1377 1221 1428 V
1215 1395 1277 1427 a·-
1293 1397 1308 1407 ’

277 1446 422 1497 terii.
564 1460 637 1509 on
686 1451 881 1495 tamen
923 1442 1272 1512 refragabor,

276 1512 330 1565 si
370 1510 465 1563 cui
504 1510 576 1561 ad
626 1511 879 1580 corrupti
927 1510 1173 1562 nominis
1216 1516 1273 1565 0.

273 1584 519 1653 Apronii
540 1579 758 1632 litteras
782 1578 1013 1648 propius
1041 1577 1275 1631 accede·

276 1666 343 1701 re
374 1648 633 1701 videatur
649 1654 951 1722 Papianus·
1012 1650 1275 1700 Testatur

274 1717 432 1769 enim
453 1716 608 1771 idem
628 1721 828 1773 Ascon.
854 1715 989 1770 ibid.
1019 1715 1093 1768 ad.
1120 1716 1274 1773 c.35.

274 1790 543 1841 Milonem
582 1808 650 1840 ex
664 1786 902 1858 familia
925 1784 1119 1855 fuisse
1147 1792 1275 1841 Pa-

266 1859 352 1927 pi
368 1875 431 1922 a,
464 1858 659 1909 deinde
690 1858 1009 1927 adoptatum
1022 1858 1210 1926 fuisse
1234 1874 1271 1907 a

275 1929 337 1977 C.
359 1928 544 1978 Annio
575 1944 679 1978 avo
718 1944 817 1977 suo
856 1939 1119 1977 materno.
1188 1926 1269 1973 De

264 1996 484 2047 Fausta
504 1990 845 2047 valutarch.
860 1993 921 2045 in
936 1995 1091 2047 Sulla
1115 2010 1163 2045 c.
1179 1990 1267 2047 84.

278 2110 295 2118 ,
344 2066 591 2115 Dimissa
655 2082 693 2115 a
750 2060 1035 2129 Memmio]
1104 2066 1135 2097 *
1167 2060 1268 2112 illo

267 2130 472 2181 Scauri
496 2128 897 2199 competitore,
929 2138 993 2180 ut
1022 2129 1273 2196 suspicor

271 2197 559 2267 equidem.
627 2195 859 2247 Videtur
886 2205 1077 2247 autem
1103 2196 1274 2247 aliam

270 2272 571 2383 graegerea
581 2280 815 2383 uxoreth
828 2262 1118 2383 dsilxffi‘sisse,
1130 2280 1275 2332 quae

320 2348 411 2383 em
453 2348 576 2382 enu
616 2348 741 2383 sera
816 2363 833 2381 .
969 2347 1067 2384 ae:
1176 2349 1274 2383 an-

276 2400 352 2453 do
380 2348 612 2469 quidelrli
622 2402 922 2467 Memmius,
940 2348 1189 2475 trihssi.
1208 2404 1274 2455 A.

276 2472 346 2522 11.
386 2468 506 2525 669.
522 2506 537 2535 ,
607 2476 672 2525 P.
726 2472 914 2523 Sullae
998 2472 1273 2542 rivignus,

281 2540 521 2605 Caecilii,
542 2538 641 2607 qui
673 2538 918 2592 eiusdem
987 2538 1136 2590 ullae
1161 2538 1272 2591 fuit

270 2606 455 2672 filius,
518 2623 668 2662 rater-

272 2674 337 2726 in
364 2675 405 2727 1.
420 2678 467 2726 Π
498 2714 511 2727 .
542 2680 617 2729 ad
641 2684 700 2745 Q.
715 2677 891 2747 fratr.
925 2694 955 2728 e
999 2713 1012 2726 .
1044 2676 1097 2731 3.
1148 2678 1271 2730 Istis

196 2782 209 2795 ’
272 2741 434 2863 ἕῗιῖἔῖ
443 2744 1275 2865 ἔὲἳῖιῖἓιξξέἓᾶηῇἓωῗῑὲεῗ

272 2878 704 2936 inconstantius.
1084 2850 1101 2879 ’

351 2954 409 3001 0.
442 2952 615 3013 Cato]
652 2947 867 3016 *paulo
896 2955 1029 2998 ante
1057 2963 1091 2998 a
1108 2949 1274 2999 Scau·

272 3032 343 3071 ro
376 3014 653 3070 defensus.
723 3016 847 3069 Vid.
876 3029 1177 3086 argument.
1211 3033 1271 3095 p.

276 3087 401 3143 122.
432 3101 479 3139 s.
516 3112 582 3125 -
617 3084 819 3137 Statim
860 3091 991 3135 ante
1034 3084 1273 3135 Graevio

274 3163 335 3208 et
358 3153 509 3207 Maio
540 3154 805 3207 scribitur
828 3154 949 3205 sine
975 3151 1275 3220 diphthon-

272 3241 351 3295 go
392 3228 456 3279 T.
497 3226 798 3304 Pedqcezfs.
855 3292 866 3305 ·
900 3221 1103 3275 Nescio
1138 3236 1271 3273 vero

274 3310 401 3417 333.
424 3293 1278 3432 22¹3..¹i{g.{¹;;¹3u1¹;.332²·2¹2¹12032

277 3432 507 3483 duceum
520 3468 537 3497 ,
625 3434 849 3485 Olenum
927 3432 1243 3485 carcianum
1257 3468 1275 3498 ,

280 3497 647 3561 Quaestorem
671 3504 733 3555 A.
768 3504 828 3553 U.
855 3502 976 3557 691.

350 3570 431 3618 M.
482 3568 680 3619 Olenos
717 3568 1035 3637 Cur-cianus]
1076 3570 1278 3623 Olenus

276 3648 491 3685 nomen
511 3635 673 3701 servi,
712 3636 804 3687 cui
830 3636 1059 3689 libertas
1084 3636 1215 3689 data
1242 3652 1277 3689 a

274 3702 344 3755 Τ.
373 3699 563 3755 Flavio
598 3706 767 3773 Aug„
806 3713 959 3757 extat
1001 3704 1061 3756 in
1088 3704 1275 3773 lapide

279 3769 508 3823 Gruteri
557 3789 612 3840 p.
658 3772 779 3826 577.
828 3789 883 3828 n.
920 3772 974 3828 8.
1030 3769 1279 3835 Ὤλενος.

277 3842 358 3895 Ex
395 3856 507 3911 quo
544 3844 746 3895 Olenas
784 3842 970 3910 potuit
1004 3841 1243 3894 formari
1257 3880 1275 3909 ,

220 3959 227 3969 ,
279 3908 759 3979 quemadmodum
841 3928 907 3962 ex
974 3914 1275 3979 Eutychus,

282 3970 617 4051 Trophimus
632 4018 649 4047 ,
720 3982 1005 4034 Palladius
1073 3979 1277 4033 ductae

275 4057 407 4101 sunt
428 4048 651 4102 formae
665 4049 959 4102 nominum
975 4052 1275 4121 Eutychas,

280 4121 631 4194 a'rophimas,
688 4120 978 4181 Pallados.
1044 4120 1112 4177 V.
1154 4118 1276 4175 Sal·

700 2609 724 2675 (
738 2607 989 2659 uterinus
1003 2607 1023 2675 )
1068 2607 1273 2661 dicitur

1373 1388 1512 1426 mas.
1538 1372 1598 1425 in
1629 1374 1855 1427 'l'rebell
1894 1374 2035 1427 Poll.
2074 1393 2127 1444 p.
2152 1378 2276 1431 278.
2305 1379 2366 1429 F.

1371 1442 1584 1495 Verum
1627 1442 1902 1494 eiusmodi
1938 1442 2159 1495 formae
2185 1461 2370 1514 neque

1371 1518 1700 1578 temporum
1723 1520 1854 1562 sunt
1879 1510 2128 1577 illorum,
2170 1512 2266 1563 sed
2291 1513 2372 1565 ci-

1373 1579 1678 1646 teriorum,
1715 1588 1771 1631 et
1799 1578 1978 1631 multo
2005 1579 2188 1631 minus
2210 1580 2374 1633 locus

1370 1647 1464 1698 hic
1481 1656 1666 1715 potest
1692 1664 1808 1701 esse
1830 1647 2052 1699 homini
2076 1648 2374 1701 libertinae

1374 1714 1731 1773 conditionis.
1817 1716 1924 1770 Hic
1961 1716 2136 1796 igitur
2178 1726 2374 1769 noster
2408 1717 2417 1726 '

1376 1788 1575 1839 Olenus
1600 1785 1860 1855 profecto
1886 1794 2039 1837 venit
2071 1802 2138 1837 ex
2174 1802 2374 1839 corru-

1369 1854 1553 1923 ptela,
1587 1871 1718 1906 cum
1752 1870 1991 1923 nomens,
2031 1852 2369 1923 compendio

1368 1922 1678 1992 scriptum,
1715 1939 1846 1975 cum
1872 1924 2212 2005 cognomine
2237 1940 2368 1978 coa-

1366 1990 1628 2045 lesceret.
1696 1994 1828 2043 Erat
1863 2002 2162 2063 smptumz
2195 1998 2274 2049 Μ’.
2303 2000 2367 2047 0.

1366 2066 1552 2113 Lenas
1601 2064 1918 2126 Cur-cianus,
1961 2062 2024 2114 id
2065 2062 2218 2137 quod
2250 2061 2370 2133 legi

1373 2127 1614 2180 debehat
1631 2166 1647 2195 ‚
1719 2134 1799 2181 M.
1851 2136 2109 2183 Octavius
2145 2136 2369 2185 Laenas

1375 2202 1686 2250 Cui-cianus.
1770 2197 1861 2249 Sic
1893 2197 2004 2248 fuit
2043 2204 2158 2255 Ser.
2204 2206 2372 2253 Octa-

1372 2268 1498 2316 vius
1535 2270 1756 2319 Laenas
1790 2268 2126 2334 Pontianus,
2163 2267 2369 2319 Consul

1376 2346 1428 2385 a.
1474 2334 1540 2385 U.
1589 2332 1709 2386 884.
1761 2332 1877 2385 sub.
1914 2334 2213 2387 Hadriano.
2300 2339 2370 2387 Et

1374 2398 1532 2452 nullo
1573 2417 1690 2452 non
1724 2408 1979 2471 tempore
2011 2405 2374 2472 reperiuntur

1376 2484 1444 2520 ex
1468 2469 1706 2524 Octaviis
1721 2511 1736 2535 ,
1767 2470 1993 2540 Popiliis
2019 2480 2074 2524 et
2098 2466 2371 2542 Vipsaniis

1372 2538 1479 2590 viri
1519 2541 1854 2609 cognomine
1895 2541 2178 2595 Laenates.
2265 2544 2372 2595 Hic

1371 2610 1446 2661 M.
1470 2609 1682 2661 Laenas
1717 2625 1782 2661 ex
1821 2609 2124 2679 adoptione
2171 2612 2370 2665 habuit

1370 2692 1440 2731 co
1523 2694 1690 2731 omen
1729 2679 2068 2748 secundum,
2124 2698 2269 2749 non,
2303 2687 2370 2733 ut

1370 2693 1540 2816 τιιῗέο
1561 2747 1884 2817 loquuntur,
1917 2766 2213 2820 agnomen.
2250 2752 2366 2805 HR.

1372 2817 1477 2872 *A
1501 2814 1637 2869 clar.
1681 2817 1828 2869 Maio
1881 2819 2146 2871 scribitur
2197 2823 2370 2875 Olena

1373 2882 1728 2943 scottiam„
1782 2885 1992 2950 nescio,
2069 2903 2140 2938 ua
2163 2886 2298 2941 fide.

1444 2952 1758 3003 Sententia-s·
1784 2954 2023 3006 tulerunt
2107 2956 2216 3004 *ex
2241 2955 2373 3024 lege

1372 3015 1602 3067 Aurelia
1622 3016 1933 3084 iudiciaria,
1970 3022 2040 3073 de
2066 3038 2175 3090 qua
2202 3040 2254 3074 v,
2272 3038 2371 3073 an·-

1374 3091 1498 3135 not·
1511 3085 1583 3135 ad
1615 3104 1693 3139 or.
1724 3090 1784 3139 in
1801 3088 1948 3139 clod.
1973 3089 2026 3155 7,
2056 3092 2108 3144 2.
2135 3088 2370 3143 ibidem-

1377 3168 1486 3221 que
1514 3152 1586 3204 ad
1605 3156 1772 3209 schol.
1803 3156 2050 3213 Ambros.
2074 3160 2127 3211 2.

1449 3227 1581 3276 Cato
1625 3225 1953 3295 praeterea]
2013 3226 2373 3280 Recentiores
2433 3281 2448 3293 ,

1372 3288 1592 3361 aliquot
1615 3292 1839 3347 Asconii
1868 3292 2140 3348 editiones
2163 3294 2376 3353 habent

1368 3376 1596 3433 praetor
1619 3370 1902 3430 corrupte.
1955 3364 2062 3417 Sed
2079 3381 2374 3438 praeterea

1374 3428 1644 3499 antiquae
1705 3431 1977 3488 editiones
2023 3446 2156 3487 cum
2207 3434 2371 3489 codd.

1376 3498 1760 3553 ambrosianis.
1805 3502 1951 3557 Mn.
2021 3505 2194 3557 *Post
2225 3504 2374 3557 hanc

1374 3582 1505 3622 voc.
1541 3566 1737 3623 sustuli
1777 3568 2088 3642 virgulam:
2122 3580 2208 3623 .ut
2229 3572 2373 3625 haec

1376 3654 1510 3691 cum
1565 3638 1621 3690 vi
1685 3641 2008 3707 praeposita
2071 3641 2375 3711 iungantur

1376 3722 1512 3759 cum
1549 3723 1707 3777 seqq.
1790 3708 2058 3762 Catonem
2098 3710 2374 3779 quaestio-

1374 3792 1510 3827 nem
1559 3781 1894 3845 perpetuam
1931 3778 2000 3829 de
2048 3778 2374 3847 repetundis

1377 3843 1642 3896 sortitum
1671 3860 1793 3895 esse
1820 3854 2042 3899 constat
2070 3848 2240 3900 etiam
2269 3863 2300 3899 e
2331 3846 2372 3900 i.

1376 3915 1468 3967 111.
1495 3915 1572 3965 ad
1610 3914 1670 3977 Q.
1730 3928 1867 3987 νᾳεν.
1905 3936 1989 3989 ep.
2018 3916 2066 3969 1.
2094 3932 2145 3969 c.
2169 3918 2220 3973 5.
2250 3925 2377 3985 post

1374 3978 1453 4033 in·
1483 4000 1566 4053 ep·
1593 3982 1646 4037 2.
1773 3982 1853 4034 in·

1441 4056 1533 4104 De
1603 4052 1882 4105 calumnia
1955 4056 2372 4119 accusatorum]

1374 4123 1632 4191 *nempe
1687 4126 2085 4179 tenerenturne
2143 4122 2203 4174 hi
2249 4122 2374 4192 lege

1894 4188 1946 4255 P
