2859 4617
1210 268 1758 343 ORATIO

442 446 921 547 mspngcre
974 448 1233 534 miror,
1303 448 1504 545 quod
1559 448 1858 529 stum
1921 468 2060 527 sua
2115 448 2522 541 impeditus,

444 574 717 651 quoquo
748 554 961 624 modo
972 558 1251 651 posset,
1295 574 1379 622 se
1406 550 1750 647 expedire
1779 552 2014 623 voluit.
2119 548 2323 623 mua
2351 573 2538 655 vero·

446 768 615 821 etiam
640 767 785 831 istis,
822 786 963 839 quae
990 778 1185 839 postea
1213 768 1438 837 scripsit

446 839 521 894 ad
544 838 871 891 officiorum
894 839 1103 905 locum,
1138 855 1271 891 cum
1295 838 1438 891 illud

447 911 578 961 dum
604 910 849 979 persolvi
896 924 969 961 ne
1003 908 1265 961 Latinum
1304 906 1437 978 qui-

450 976 581 1029 dem
613 977 767 1029 foret
800 976 917 1029 ullo
957 985 1146 1045 pacto.
1206 978 1448 1031 HEINR.

446 1045 507 1099 in
536 1049 787 1102 Addend.
814 1063 868 1113 p.
898 1046 1133 1109 xxm.)
1204 1044 1312 1097 sed
1338 1060 1440 1097 ne·-

448 1114 603 1179 scio‚
664 1114 949 1185 quomodo
996 1113 1300 1179 acciderit,
1374 1121 1440 1165 ut

448 1182 615 1235 huius
643 1182 956 1253 particulae
970 1182 1331 1247 constructio,
1344 1198 1444 1235 va-

450 1252 536 1304 ria
562 1268 632 1332 ea,
644 1268 747 1321 pro
771 1251 927 1304 varia
950 1250 1373 1321 significatione,
1408 1268 1444 1302 a

368 1386 377 1393 .
450 1320 735 1373 veteribus
768 1320 899 1371 inde
940 1320 1322 1390 grammaticis
1357 1328 1448 1373 tot

455 1390 703 1443 eruditos
740 1386 1026 1442 fefellerit.
1113 1388 1216 1443 Vel
1258 1406 1445 1441 exem-

450 1459 549 1527 pla
572 1468 631 1511 et
664 1459 809 1511 iusta
834 1456 1309 1527 significationum
1334 1456 1447 1515 dis-

454 1527 693 1579 crimina
736 1536 1098 1596 quaerentem
1136 1526 1446 1579 destituunt

450 1596 879 1667 Lexicographi3
926 1612 1111 1665 neque
1133 1596 1449 1648 Ciceronia-

453 1682 559 1717 nus
602 1665 703 1719 ille
750 1664 991 1719 Nizolius
1042 1664 1212 1717 habet
1262 1665 1448 1716 ullum

456 1734 773 1803 exemplum
800 1734 961 1797 eius‚·
992 1750 1135 1801 quae
1167 1734 1331 1785 huius
1363 1740 1447 1783 est

454 1804 596 1867 loci,
657 1810 987 1853 structurae.
1056 1806 1237 1879 Atque
1275 1805 1448 1853 Ernev·

454 1872 620 1937 stius,
656 1870 873 1939 quoties
896 1870 955 1919 in
988 1877 1188 1921 ceteris
1212 1871 1448 1938 script&

454 1938 639 2005 ribus,
675 1936 875 2005 quibus
904 1934 1129 1989 edendis
1160 1938 1305 1989 bene
1326 1954 1449 1989 me-

455 2007 602 2073 ruit,
654 2022 778 2057 eam
812 2005 1287 2057 constructionem
1326 2006 1447 2057 ani-—

456 2092 615 2127 mum
638 2074 907 2139 advertit,
944 2084 1041 2125 aut
1072 2074 1241 2143 plan-e
1274 2083 1447 2141 errat,

458 2153 557 2197 aut
581 2145 837 2197 fluctuat.
886 2143 975 2195 Sic
1004 2140 1075 2193 ad
1098 2146 1448 2197 Sueton.Do-

458 2215 579 2267 mit.
606 2224 656 2273 4.
700 2212 771 2265 ad
801 2212 979 2267 Tacit.
1004 2218 1145 2267 Ann.
1173 2215 1331 2277 XIII,
1358 2215 1445 2267 15.

460 2292 519 2335 et
542 2283 681 2335 Hist.
712 2285 815 2348 111,
850 2282 935 2336 38.
1004 2284 1128 2333 Huc
1171 2281 1450 2333 accedunt

454 2351 812 2405 incredibiles
836 2367 1014 2419 paene
1038 2350 1265 2403 fabulae
1279 2356 1450 2402 Baue-

458 2421 540 2489 ri,
577 2421 937 2473 ab.Ernestio
968 2420 1351 2491 grammatici,
1388 2420 1450 2473 in

459 2490 650 2543 Indice
682 2488 753 2540 ad
776 2490 953 2541 Tacit.
979 2506 1028 2541 V.
1052 2494 1198 2543 dum.
1268 2492 1337 2541 Et
1364 2488 1452 2539 ci-

462 2574 727 2610 ceronem
750 2557 821 2616 in,
844 2558 953 2609 hac
986 2565 1267 2609 structura
1291 2572 1452 2627 pror-

461 2643 552 2677 sus
574 2626 949 2693 praetermisit
974 2629 1015 2677 I.
1044 2628 1110 2677 H.
1128 2627 1349 2677 Vossius
1377 2624 1451 2677 ad

458 2694 613 2764 Virg.
658 2694 861 2763 Georg.
887 2694 979 2759 IV,
1019 2696 1139 2749 500.
1184 2693 1450 2746 eundem-

384 2824 389 2827 ·
462 2778 573 2837 que
600 2760 821 2813 nonnisi
845 2778 975 2813 cum
1000 2776 1113 2813 uno
1144 2761 1263 2829 illo,
1299 2760 1454 2831 quod

394 2870 405 2881 .
462 2839 628 2883 antea
650 2829 779 2890 dixi,
818 2831 1069 2899 exemplo
1092 2830 1255 2901 ponit
1282 2832 1451 2882 Hein-

464 2900 673 2951 dorfius
712 2899 785 2955 ad
821 2902 1011 2953 Horat.
1048 2903 1158 2955 Sat.
1196 2904 1247 2966 1,
1273 2902 1335 2967 5,
1362 2902 1450 2955 ⁷2.

394 2976 399 2983 ‘
464 2970 613 3033 Quin
648 2969 816 3021 etiam
860 2968 1127 3035 Wolfius,
1178 2970 1313 3021 dum
1352 2972 1452 3021 Er-

460 3039 703 3094 nestium
734 3039 1093 3107 reprehendit
1116 3040 1175 3091 in
1204 3038 1456 3091 Suetonii

461 3108 613 3175 loco,
665 3108 909 3174 „Cicero
934 3108 1221 3181 quidem,“
1254 3108 1453 3177 inq-uit,

466 3195 633 3245 „non
670 3178 752 3229 ita
790 3178 1096 3244 construit3
1147 3176 1247 3231 sed
1275 3178 1335 3229 id
1365 3177 1452 3229 fa-

466 3247 625 3301 ciunt
674 3250 921 3314 poetae“
974 3257 1081 3303 etc.
1184 3247 1467 3315 Idemque

462 3313 579 3364 iam
605 3322 771 3369 antea
794 3314 865 3365 ad
897 3314 1143 3367 eiusdem
1166 3315 1456 3383 scriptoris

464 3384 603 3450 Aug.
632 3384 719 3434 76.
756 3392 1053 3433 monuerat
1089 3384 1157 3435 de
1191 3392 1456 3433 constru-

466 3450 685 3515 ctione,
722 3452 849 3502 dum
874 3454 1051 3515 redeo,
1089 3455 1315 3510 comedi,
1348 3466 1454 3517 pro

465 3520 737 3579 redibam,
772 3524 835 3567 ut
869 3517 968 3572 ait.
1038 3517 1236 3581 Qualia
1262 3519 1309 3569 si
1330 3526 1456 3569 tan-

466 3596 557 3639 tus
587 3586 671 3637 vir
694 3582 879 3650 docet,
912 3594 1102 3637 tacere
1127 3586 1327 3667 religio
1356 3595 1457 3639 est.

470 3657 661 3708 Cicero
688 3653 863 3725 igitur
908 3653 986 3705 sic
1012 3662 1287 3707 construit
1310 3656 1458 3707 mul-

468 3726 539 3777 tis
574 3722 733 3780 locis.
804 3722 1044 3783 Divina,
1068 3726 1229 3777 Verr.
1272 3742 1323 3777 ο.
1371 3726 1454 3784 17.

474 3794 626 3863 [602]
698 3796 863 3861 „Ita,
914 3796 1041 3847 dum
1082 3810 1263 3863 pauca
1298 3810 1458 3845 man·

470 3862 617 3931 cipia
650 3894 720 3905 -
754 3862 994 3917 retinere
1026 3866 1165 3931 vult,
1201 3862 1458 3915 fortunas

470 3946 664 3983 omnes
715 3952 780 3975 ··-
822 3928 1123 4005 perdidit.“
1190 3936 1254 3991 In
1295 3934 1456 3987 verr.

470 4000 539 4051 11.
570 4002 719 4055 mss.
752 3998 913 4072 [92]
950 4001 1076 4067 „ita
1116 4018 1186 4052 ue
1214 4004 1341 4055 dum
1362 4020 1459 4057 ‘ex-

470 4087 499 4119 s
538 4081 713 4133 octat,
756 4068 1023 4141 quidnam
1065 4088 1109 4123 si
1151 4070 1332 4123 icerti-
1370 4076 1461 4147 af-

460 4086 707 4209 sgr-atur,
744 4160 814 4177 -
848 4136 919 4190 de
953 4136 1079 4190 foro
1120 4154 1238 4190 non
1263 4142 1464 4198 dissec-

1533 769 1668 825 sit.“
1735 772 1800 822 In
1859 767 2039 825 Pison.
2093 786 2143 822 c.
2205 770 2295 825 22.
2367 766 2520 837 [55]

1536 854 1730 909 „quos
1782 848 1909 891 tum
1955 836 2286 890 Maeandros
2304 874 2322 902 ,
2355 858 2364 873 =
2399 840 2528 891 dum
2595 892 2603 901 ,

1537 924 1736 961 omnes
1792 906 2120 959 solitudines
2163 911 2540 982 persequeris,—

1539 994 1683 1047 quae
1756 976 2082 1029 diverticula
2151 974 2547 1045 flexionesque-

2134 1044 2306 1115 Epist.
2347 1046 2420 1097 ad
2459 1048 2527 1107 Q.

1567 1133 1616 1167 r.
1645 1118 1700 1179 1,
1747 1116 1882 1181 1,1.
1953 1114 2169 1180 „Quod
2209 1130 2348 1183 ego,
2401 1117 2531 1168 dum

1539 1184 1820 1236 sociorum
1863 1181 2028 1235 saluti
2085 1186 2304 1237 consulo
2319 1220 2336 1248 ,
2404 1185 2568 1239 dum,

1539 1251 1926 1323 impudentiae
1951 1252 2368 1321 negotiatorum
2389 1255 2532 1303 resi-

1543 1337 1658 1387 sto,
1705 1325 1831 1375 dum
1867 1328 2120 1373 nostram
2155 1321 2397 1391 gloriam
2433 1328 2533 1372 tua

1541 1390 1748 1443 virtute
1793 1386 1988 1459 augeri
2015 1406 2236 1463 expeto,
2269 1390 2392 1461 feei
2415 1404 2532 1439 non

1543 1476 1605 1511 sa
1643 1459 1879 1513 ienter.“
1946 1461 2066 1509 Iam
2095 1460 2226 1515 satis
2257 1466 2356 1511 est.
2423 1454 2535 1510 Sed

1545 1476 1848 1581 argi-mavit
1919 1544 2100 1595 nuper
2151 1526 2532 1591 Heindorfius,

1543 1596 1738 1667 paullo
1769 1596 2038 1651 audacior
2063 1596 2121 1647 in
2147 1612 2261 1647 uno
2289 1612 2354 1647 ex
2380 1595 2534 1645 Cice-

1543 1682 1688 1718 rone
1707 1666 1869 1730 loco,
1905 1664 2239 1733 particulam
2277 1668 2404 1717 dum
2425 1664 2534 1714 hac

1541 1736 1948 1805 significatione
1965 1734 2047 1785 sic
2061 1732 2310 1787 construi
2328 1732 2534 1807 ubique

1545 1813 1604 1854 et
1629 1804 1748 1855 sine
1785 1801 2130 1871 exceptione.
2199 1801 2358 1873 Apud
2394 1805 2536 1855 Sue*

1543 1872 1764 1931 tonitura
1825 1871 2014 1923 uidem
2039 1875 2178 1941 Aug.
2207 1874 2292 1925 99.
2315 1869 2414 1921 ubi
2435 1872 2536 1921 Er÷

1545 1940 1756 1991 nestius
1835 1940 1993 2005 abet,
2043 1943 2172 1993 dum
2205 1968 2274 1979 --
2309 1945 2538 1992 interro-

1545 2012 1752 2127 gabat,
1809 2010 2045 2079 defecit,
2113 2006 2538 2075 Oudendorpius

1589 2077 1703 2128 edit
1744 2094 1810 2129 ex
1843 2076 2096 2145 pluribus
2143 2080 2253 2129 MS.
2294 2081 2538 2130 interro-

1591 2160 1668 2200 at.
1705 2149 1770 2197 Et
1794 2146 1940 2215 apud
1949 2146 2205 2199 Tacitum
2221 2146 2332 2202 Vit.
2349 2144 2538 2215 Agric.

1547 2166 1634 2269 {1-
1673 2214 1771 2268 uhi
1801 2216 1937 2269 libri.
1960 2231 2151 2266 omnes
2189 2216 2269 2267 sic
2291 2214 2532 2267 habenti

1549 2286 1806 2353 „Quibus
1845 2283 2194 2337 sermonibus
2236 2284 2363 2334 satis
2399 2298 2541 2333 con-

1547 2361 1657 2405 stat
1669 2350 1971 2407 Domitiani
1993 2370 2216 2422 quoque
2237 2368 2398 2403 aures
2417 2368 2540 2403 ver*

1549 2422 1788 2489 beretha,
1832 2426 1959 2477 dum
1973 2450 2038 2461 -·
2057 2421 2540 2485 exstimulabant,“

1548 2491 1660 2543 hoc
1679 2492 1864 2561 ipsum
1894 2490 2286 2560 corrigendum
2309 2497 2392 2540 est
2417 2488 2540 2541 for-

1549 2568 1710 2612 tasse.
1805 2562 1954 2616 Num
2001 2576 2134 2611 vero
2186 2558 2328 2610 illud
2367 2558 2540 2611 etiam

1549 2628 1982 2697 mutetur,quod
2007 2627 2276 2679 Codicum
2305 2642 2542 2679 consen·
2596 2650 2603 2657 -

1550 2712 1642 2747 sus
1679 2688 1932 2749 defendit
1981 2714 2012 2747 a
2056 2696 2130 2747 ud
2167 2696 2443 2770 Nepotem
2477 2696 2540 2747 in

1549 2766 1789 2818 Hannib.
1821 2784 1880 2821 ·ο.
1925 2769 1978 2821 2.
2055 2768 2102 2834 §.
2143 2766 2250 2833 4-1.
2334 2768 2539 2830 „Quae

1552 2832 1739 2886 divina
1787 2850 1888 2889 ‘res
1947 2839 2076 2888 dum
2135 2836 2539 2907 conficiebatur,

1591 2908 1825 2959 uaesivit
1865 2920 1898 2956 a
1931 2905 2092 2968 me‚“
2142 2911 2247 2957 etc.
2349 2905 2545 2953 Monet

1595 2972 1756 3025 einde
1811 2972 2198 3039 Heindorfius,
2271 2980 2542 3041 tanquam

1553 3042 1790 3095 antehac
1815 3060 1931 3095 non
1954 3042 2333 3106 observatum,
2368 3040 2544 3107 parti-

1553 3112 1714 3165 culae
1759 3116 1886 3165 dum
1920 3110 2426 3181 iungi'necessario
2457 3109 2546 3159 in-

1555 3181 1860 3234 dicativum
1887 3181 2188 3249 praesentis
2224 3179 2284 3232 in
2316 3178 2548 3246 obliqua

1555 3250 1728 3301 etiam
1755 3249 2036 3315 oratione,
2071 3248 2130 3298 in
2156 3263 2390 3317 eamque
2420 3262 2545 3299 rem

1553 3318 1774 3386 profert
1799 3326 1914 3367 tres
1943 3316 2099 3367 locos
2123 3315 2304 3366 Taciti
2333 3333 2398 3371 ex
2425 3320 2545 3366 An-

1553 3386 1788 3440 nalibus.
1877 3384 1986 3435 Sed
2017 3384 2136 3441 ,hoo
2181 3400 2391 3437 novum
2427 3400 2546 3435 non

1579 1050 1808 1100 uae-sisti
1819 1050 1846 1099 ,7
1857 1046 1894 1077 ‘⁴
1945 1054 2052 1098 ete.

1557 3459 1676 3518 erat
1697 3462 1826 3521 post
1847 3452 2083 3503 Ernestii
2109 3451 2548 3505 animadversio·
2615 3446 2630 3455 ’

1553 3537 1687 3573 nem
1727 3521 1799 3573 ad
1826 3520 2000 3575 Tacit.
2025 3520 2162 3574 Hist.
2189 3520 2282 3585 111,
2312 3522 2398 3576 38.
2449 3521 2547 3593 qui

1559 3590 1771 3641 cautius
1809 3589 1978 3641 simul
2015 3589 2198 3657 addit,
2249 3591 2446 3643 Tacito
2483 3590 2547 3645 id

1560 3676 1676 3713 esse
1702 3658 1982 3727 sollenne,
2014 3676 2122 3711 nec
2156 3660 2305 3725 vult,
2343 3676 2545 3711 neces-

1558 3729 1770 3780 sarium
1825 3745 1960 3782 esse.
2041 3729 2144 3795 (Et
2187 3727 2448 3799 congruit
2483 3728 2546 3798 in

1554 3796 1662 3850 hac
1693 3806 1852 3867 parte
1882 3798 2337 3865 constructionis,
2377 3804 2454 3866 ,ut
2485 3796 2547 3847 in

1559 3866 1678 3919 aliis
1709 3866 1928 3933 multis,
1965 3884 2094 3919 cum
2121 3866 2316 3919 Tacito
2349 3873 2548 3917 auctor

1549 3936 1788 4016 Dialogi·
1819 3934 1887 3989 de
1918 3944 2184 4005 corrupta
2207 3934 2351 4004 eloq.
2380 3952 2429 3986 c.
2454 3933 2544 4007 32.

1558 4014 1826 4073 „certum
1871 4006 2051 4057 habeo
2089 4004 2380 4071 ‘dictur-m,
2431 4018 2546 4068 me,

1559 4080 1688 4128 dum
1717 4074 1854 4126 iuris
1883 4083 1940 4125 et
1966 4072 2345 4143 philosophiae
2369 4070 2554 4123 sciens

1555 4143 1697 4196 tiam
1729 4150 1998 4213 tanquam
2044 4140 2256 4193 oratori
2295 4156 2550 4193 necessa-
