2859 4617
977 249 1823 373 PRAEFATIO.
2252 353 2263 361 ,
2452 314 2594 365 xnl

189 480 737 600 percenseamus.
788 476 1099 567 nihilque
1131 500 1430 567 unquam
1476 473 1647 547 mihi
1684 473 2013 563 antiquius
2052 470 2183 541 fuit
2196 516 2217 554 ‚
2268 489 2479 557 quun
2520 468 2596 535 ut

181 683 360 748 virili
394 676 589 772 parte
634 691 870 752 auctor
922 706 1154 753 essem.
1283 684 1430 750 Nec
1476 701 1643 748 vero
1684 626 2157 767 supplementa
2191 683 2415 741 nostra
2458 672 2593 739 nh‘o

177 806 328 871 quo
353 806 430 851 se
461 780 820 877 dignantur
847 784 1134 870 honore,
1163 807 1366 873 quam
1395 792 1471 850 ut
1491 792 1837 868 tamquam
1862 778 2169 869 pericula
2192 798 2401 866 quam
2430 775 2593 841 bre—

176 885 476 953 vissume
525 908 606 953 ea
620 934 640 971 ‚
712 909 887 974 quae
932 888 1160 957 lacera
1208 888 1299 953 ad
1327 907 1451 953 nos
1494 891 1977 974 pervenerunt,
2028 878 2473 969 probabiliter
2509 896 2595 944 ex

177 988 392 1077 ipsius
429 987 772 1074 Ciceronis
794 1010 980 1079 penu
1003 999 1370 1078 utcumque
1391 984 1871 1075 interpretandi
1900 990 2313 1052 excusentur.
2361 978 2593 1047 Minas

178 1090 468 1157 fortasse
511 1094 858 1160 excusetur
905 1092 1182 1159 ambitio
1223 1092 1378 1174 issa,
1454 1088 1647 1176 quod
1688 1088 1813 1156 ista
1848 1084 2179 1153 inclinans
2222 1081 2457 1149 Βᾶθι-’Β
2500 1081 2591 1149 ab

52 1264 54 1267 y
175 1190 390 1279 ipsius
433 1191 651 1260 Tullii
689 1194 912 1261 verbis
949 1194 1394 1261 distinximus:
1430 1213 1587 1279 quo
1612 1190 1724 1257 vix
1764 1210 1937 1279 opus
1972 1188 2175 1254 fnisse
2196 1183 2397 1251 nobis
2423 1204 2593 1272 per·-
2644 1208 2649 1211 ·

52 1356 55 1383 Ι
177 1292 468 1359 suadent
496 1295 946 1363 Prometheus
983 1305 1052 1363 et
1079 1296 1295 1363 Dolus
1339 1294 1410 1361 in
1458 1294 1611 1360 Iulii
1638 1290 1939 1360 Phaedri
1974 1298 2127 1357 ante
2174 1306 2319 1354 non
2338 1285 2595 1353 multos

52 1394 54 1405 ἶ
175 1415 396 1460 annos
449 1394 631 1461 edita
683 1397 922 1462 fabula
979 1398 1497 1485 elegantissuma
1555 1394 1655 1461 de
1716 1393 2017 1461 veritate
2074 1398 2141 1459 et
2192 1387 2585 1457 mndacio.

52 1498 55 1505 ⁴
177 1494 490 1560 Omnino
537 1496 647 1559 vix
691 1496 914 1561 ullum
955 1498 1294 1561 emblema
1327 1494 1733 1581 reperietur,
1785 1492 1976 1579 quod
2014 1514 2153 1557 non
2192 1490 2275 1556 sit
2304 1489 2589 1557 Cicero-

171 1594 490 1670 nianum3
541 1592 684 1676 sed,
737 1615 914 1681 quae
940 1594 1070 1661 suis
1100 1595 1272 1662 locis
1295 1604 1459 1683 apte
1486 1603 1691 1681 atque
1716 1591 2073 1681 splendide
2098 1590 2281 1657 diota
2304 1598 2473 1673 sunt,
2506 1612 2591 1657 ea
2662 1610 2673 1622 ·

173 1693 883 1784 hic.intelligentibu5‚
933 1696 1099 1783 quid
1129 1718 1290 1763 aera
1315 1694 1559 1761 distent
1592 1694 1863 1782 lupiniS,
1916 1692 2159 1760 merito
2188 1690 2593 1759 videbumr

183 1818 390 1885 saepe
430 1795 656 1864 ieiuna
697 1806 900 1885 atque
935 1798 1176 1865 inania.
1279 1796 1489 1881 Vide,
1544 1799 1601 1863 si
1640 1796 1809 1863 tanti
1834 1803 1967 1879 est,
2020 1814 2197 1883 quae
2222 1816 2294 1885 Ρ.
2320 1790 2494 1861 231.
2520 1802 2591 1861 et

173 1916 249 1987 p.
286 1892 456 1963 165.
505 1920 554 1964 s.
599 1897 690 1965 de
725 1899 1196 1967 audacioribus
1231 1900 1627 1969 coniecturis
1672 1898 1977 1967 diximus.
2037 1958 2050 1965 -
2082 1896 2441 1983 Quaedam
2478 1904 2588 1963 ta-

173 2004 341 2066 men
380 2021 463 2066 ex
499 1998 607 2067 his
645 2000 927 2072 fortasse
970 2002 1162 2083 haud
1199 2002 1621 2091 spernendae
1660 2001 2097 2069 videbuntur:
2168 2024 2227 2067 e.
2278 2022 2351 2090 g.
2394 1998 2588 2087 quod

176 2101 581 2171 restituimus
617 2124 874 2173 nomen
909 2107 1267 2195 proprium
1307 2104 1614 2174 &olonis
1653 2127 1725 2195 Ρ.
1774 2101 1983 2186 192.,
2037 2101 2222 2169 aliud
2268 2101 2385 2167 alii
2422 2102 2587 2167 sub-

175 2202 504 2272 stimimus
531 2228 601 2295 Ρ.
631 2206 807 2275 224.
839 2228 926 2291 3.,
981 2208 1144 2275 alibi
1185 2208 1586 2275 removimus
1600 2254 1620 2291 ‚
1672 2214 1748 2274 ut
1786 2204 2236 2273 Delecones
2217 2226 2287 2269 m
2316 2224 2417 2270 or.
2438 2220 2587 2293 ‚pro

181 2303 466 2373 Scauro
494 2300 566 2399 §.
589 2304 712 2375 43.
814 2309 1076 2377 Verum
1107 2318 1336 2378 tamen
1349 2358 1370 2395 ‚
1421 2308 2115 2398 quantulumcumque
2163 2304 2443 2373 mecuti
2480 2303 2587 2372 vi·-

175 2406 466 2475 deamur
507 2408 766 2497 (modo
809 2433 898 2480 ne
937 2432 1052 2496 ea,
1105 2433 1283 2501 quae
1331 2435 1374 2480 a
1415 2420 1653 2480 natura
1697 2406 2076 2497 expetenda
2114 2413 2340 2490 erant,
2389 2405 2586 2473 nmis

173 2508 516 2591 defuerint
543 2512 824 2603 nobis),
875 2515 1248 2582 amicorum
1288 2514 1621 2585 lectorum
1647 2511 1957 2581 facilitati
1980 2518 2183 2599 atque
2211 2509 2585 2577 benevolffi

171 2620 326 2679 rum
371 2612 918 2683 existumatorum
957 2616 1417 2708 indulgentiae
1446 2616 1845 2707 permissum
1874 2621 2036 2683 esto.
2142 2611 2353 2697 Quod
2373 2634 2584 2679 unum

167 2722 516 2801 praestare
539 2718 906 2805 potuimuS,
959 2719 1605 2789 animadversionem
1630 2727 1702 2787 et
1727 2717 2136 2807 religionem
2154 2712 2587 2783 adhibuimus
2688 2766 2697 2772 .

171 2836 361 2898 eam,
423 2838 632 2902 quam
670 2842 800 2907 par
837 2829 997 2888 erat.
1099 2822 1278 2889 Nam
1321 2842 1481 2890 cum
1524 2840 1873 2888 anoms
1914 2819 2279 2887 editionem
2320 2816 2593 2905 (neseio
2614 2897 2619 2903 .

172 2934 316 2998 qno
340 2863 714 2985 infortunio
732 2931 850 2988 ant
871 2921 1380 3010 typothetarum
1405 2933 1473 2990 et
1496 2923 1897 2991 correctoris
1908 2921 2203 3011 flagitio)
2232 2918 2587 2987 foedatam

169 3014 438 3081 mendis
479 3017 902 3105 gravissumis
926 3021 1259 3090 viderem.
1309 3024 1545 3091 sedula
1580 3044 1741 3089 cura
1768 3023 2037 3089 enotavi
2058 3032 2265 3107 atque
2292 3020 2585 3087 indicavi

169 3116 470 3206 singulas
497 3117 1016 3210 discrepantias
993 3144 1064 3189 m
1088 3130 1376 3211 utroque
1406 3124 1685 3191 codicez
1732 3128 2119 3241 opportune
2148 3122 2327 3187 enim
2350 3121 2583 3210 singu-

168 3217 399 3289 lorum
437 3220 826 3291 foliorum
803 3246 873 3291 m
917 3226 1310 3294 columellas
1339 3225 1749 3295 divisorum
1728 3223 2057 3315 nnagines
2078 3222 2273 3291 idem
2298 3221 2587 3291 sollicita

169 3320 522 3412 diligentia
553 3324 948 3411 exhibuerat
973 3350 1046 3418 p.
1079 3327 1198 3396 13.
1217 3368 1324 3381 -
1340 3326 1463 3397 66.
1547 3328 1652 3395 Ita
1689 3324 2303 3417 depraehendimus
2322 3347 2611 3446 perpe-.

169 3444 320 3489 ram
346 3434 578 3495 eontra
609 3430 866 3499 codicis
891 3430 1104 3499 fidem
1131 3432 1428 3501 editum
1407 3454 1481 3501 m
1502 3452 1604 3500 or.
1630 3452 1779 3523 pro
1820 3428 2051 3499 mliv
2082 3423 2155 3523 §.
2186 3428 2309 3496 36.
2338 3429 2411 3497 in
2446 3429 2583 3495 hoc

168 3523 559 3607 iudiciog
609 3524 702 3622 §.,
715 3528 838 3601 45.
877 3534 1198 3603 excidisse
1225 3534 1322 3603 ab
1347 3558 1463 3612 θος
1514 3529 1585 3626 §.
1612 3532 1735 3601 48.
1760 3542 2321 3611 totumversunu·
2350 3524 2422 3621 ἓ.
2452 3524 2577 3596 56.

168 3645 237 3714 Ρ.
287 3624 408 3693 62.
449 3648 570 3703 eo3-
618 3636 824 3703 verba
868 3637 1192 3705 nonnulla
1231 3659 1328 3703 or.
1371 3660 1447 3705 m
1498 3636 1699 3705 clod.
1743 3634 1864 3703 lv.
1904 3636 2011 3714 2.
2078 3634 2173 3701 ib.
2200 3633 2288 3716 V,
2314 3631 2385 3699 3.
2416 3631 2581 3699 ulti-

167 3749 354 3796 mam
405 3729 742 3816 syllabam
793 3739 984 3804 verbi
1028 3741 1617 3830 praecingeret-e.
1721 3738 1919 3805 Haec
1973 3733 2247 3801 editoris
2294 3731 2579 3801 librariis

170 3829 606 3922 imputanda3
655 3835 932 3905 fortasse
975 3842 1178 3908 etiam
1217 3849 1456 3909 autem
1498 3860 1631 3927 pro
1673 3858 1841 3905 vero
1878 3839 1949 3902 in
1988 3856 2087 3903 or.
2112 3854 2259 3927 pro
2295 3832 2577 3906 Sam-o

171 3930 256 3998 11.
302 3932 419 3999 12.
465 3957 570 4025 pr.
677 3938 822 4005 Sed
863 3938 1074 4031 longe
1111 3942 1376 4029 saepius
1405 3938 1730 4007 codicum
1757 3936 1969 4005 fidem
2002 3938 2425 4025 sollicitatam
2453 3938 2583 4005 lit-a

172 4035 494 4108 mavimus
521 4040 1077 4132 argumentando.¹
1177 4036 1501 4139 Singulas
1528 4061 1692 4112 vero
1720 4040 1969 4111 litteras
1984 4090 2005 4129 ‚
2058 4064 2225 4133 quas
2256 4062 2379 4109 nos
2404 4060 2573 4109 con-
