2859 4617
552 330 669 400 An
713 280 855 399 on.
902 322 1071 433 pao
1111 324 1592 431 M.·⁷11JL1.10
1631 327 1698 413 s.
1731 334 1836 402 18.
1867 360 1956 381 -
1980 305 2122 401 aa⁵
2169 338 2194 349 r
2227 334 2358 408 ιιι

215 559 224 569 .
275 500 418 585 eius
438 501 651 566 moris
678 499 1063 568 meminere.
1146 496 1327 565 Male
1366 498 1548 575 enim
1571 496 1992 565 confundunt
2027 496 2246 575 hmo,
2279 498 2361 565 de
2431 525 2436 533 ·

324 605 415 650 ua
436 586 547 651 hic
576 607 801 653 sermo
848 598 981 666 est,
1020 585 1163 651 vim
1190 582 1445 653 civilem
1465 629 1484 661 ‚
1531 584 1988 670 imaginariam
2025 584 2359 671 obquoti-

322 672 567 749 ianam,
611 691 769 740 cum
794 670 1142 736 festucaria
1164 668 1278 732 issa
1300 666 1646 733 notissima
1681 691 1718 731 a
1765 668 1860 733 ud
1887 668 2202 735 Gellium.
2269 668 2360 733 Et

270 754 401 819 ‘sta
428 754 700 841 quidem
726 778 807 821 eo
838 750 1107 819 tantum
1133 750 1407 818 consilio
1437 749 1618 817 facta
1639 753 1706 818 vi
1753 763 1920 831 etur,
1964 774 2100 838 quo
2133 752 2362 817 statim

266 850 503 937 posset
550 839 631 904 ad
656 840 995 903 interdicta
1036 838 1247 903 veniri
1263 885 1283 917 ,
1326 834 1594 923 fuitque
1635 838 1825 925 quasi
1861 836 2360 925 praeparatoria

266 922 604 989 interdicti
626 924 709 988 de
732 924 799 989 vi
826 923 1226 1013 quotidiana,
1272 932 1335 985 et
1358 919 1560 985 fiebat
1583 922 1955 987 convocatis
1987 920 2260 1009 quidem
2285 920 2361 983 in

266 1008 733 1071 testimenium
764 1008 1020 1087 amicis,
1066 1008 1179 1075 sed
1201 1006 1605 1093 *priusquam
1633 1006 1832 1071 iuius
1853 1006 2088 1083 iretur.
2173 1005 2362 1069 Con-

262 1102 378 1155 tra
396 1088 787 1179 festinem-ia
821 1090 1018 1156 fiebat
1043 1092 1115 1155 in
1154 1090 1303 1155 iure
1347 1100 1411 1155 et
1447 1090 1954 1176 quodammodo
1979 1088 2115 1155 fuit
2159 1109 2364 1177 prae-

318 1176 607 1240 aratoria
628 1176 728 1243 rei
754 1175 1207 1241 vindicationis
1222 1222 1243 1256 ,
1286 1196 1409 1239 nec
1437 1175 1518 1239 ad
1561 1174 1684 1239 alia
1707 1174 1946 1239 iudicia
1973 1194 2362 1240 accommo-

260 1196 441 1323 gata.
542 1258 621 1323 In
662 1280 813 1323 rem
853 1260 1182 1346 quaedam
1235 1280 1456 1345 nuper
1501 1259 1672 1323 dixit
1721 1258 1778 1322 A
1901 1257 2190 1323 lissimus
2237 1256 2362 1323 Sa·-

267 1342 491 1406 vinias
534 1342 955 1406 nobilissimo
1003 1343 1089 1406 de
1128 1342 1560 1407 Posse-ssione
1605 1364 1810 1429 opere
1899 1387 1918 1405 .
1949 1350 2057 1410 40.
2105 1355 2249 1407 not.
2297 1348 2358 1408 1.

272 1424 629 1489 Cuiaciano
644 1446 880 1504 more,
921 1425 993 1487 h.
1024 1447 1081 1489 e.
1108 1425 1427 1489 concisius
1445 1470 1466 1503 ,
1553 1446 1716 1489 uam
1757 1425 2107 1511 plerorum
2153 1448 2242 1489 ue
2259 1424 2362 1491 le-

272 1520 547 1573 ctorum
572 1509 1223 1596 ingeniapatiuntur.
1280 1509 1417 1572 CR.
1565 1520 1706 1571 ctus
1736 1508 1846 1571 hic
1879 1519 2018 1573 erat
2046 1530 2122 1573 so
2209 1510 2360 1571 nnis

158 1630 165 1637 ·
272 1593 453 1657 inter
480 1592 645 1658 cives
656 1638 677 1671 ,
720 1604 787 1657 et
810 1592 1119 1657 simulata
1138 1593 1235 1657 vis
1258 1592 1395 1659 sive
1417 1592 1718 1671 deiecti0‚
1761 1592 2089 1657 advocatis
2115 1591 2364 1670 amicis,

272 1688 355 1741 ut
384 1696 564 1741 nunc
587 1677 949 1742 Acerronio
965 1723 987 1757 ,
1030 1695 1189 1741 cum
1220 1688 1489 1743 venerat
1520 1677 1592 1740 in
1634 1676 2152 1751 controversiam
2247 1698 2363 1740 os·-

273 1760 506 1847 sessio:
552 1782 685 1847 qua
710 1762 783 1825 in
805 1784 879 1827 re
908 1782 1045 1825 una
1072 1760 1285 1825 adhuc
1304 1756 1774 1849 suppeditabat
1791 1760 2022 1824 Oratio
2043 1782 2180 1849 pro
2250 1782 2363 1824 ae·-

274 1846 421 1908 cina
433 1890 454 1923 ,
496 1866 643 1909 rem
686 1846 846 1911 adeo
882 1845 1081 1935 plane
1106 1845 1444 1917 illustrans
1457 1891 1476 1923 ‚
1520 1856 1628 1923 ut,
1671 1845 1797 1908 nisi
1827 1866 2094 1933 semper
2129 1844 2363 1908 fuisset

270 1950 424 1992 cara
456 1950 719 1994 annona
760 1930 1104 1996 bonorum
1142 1930 1586 2015 interpretum
1601 1973 1620 2006 ,
1665 1951 1808 1993 eam
1825 1975 1844 2007 ,
1887 1929 2006 1994 vix
2045 1930 2360 2007 crederes,

326 2013 570 2077 otuisse
604 2024 748 2078 tam
802 2012 1167 2079 manifestis
1212 2014 1574 2099 crassisque
1619 2013 1956 2078 erroribus
2005 2012 2360 2101 implicari.

264 2034 351 2163 fn
383 2097 624 2183 quibus
657 2096 978 2163 familiam
1015 2097 1195 2162 ducit
1223 2097 1335 2161 ille
1360 2120 1554 2184 saepe
1583 2097 1922 2175 disertior,
1971 2118 2174 2183 quam
2213 2097 2382 2163 sol--

266 2180 504 2246 lertior
518 2227 539 2258 ‚
583 2182 1053 2245 Hotomannus
1087 2179 1201 2265 1),
1266 2181 1383 2265 qui
1420 2181 1693 2264 quidem
1737 2180 2048 2243 omnium
2091 2182 2358 2269 primus

269 2264 567 2353 pessimo
598 2263 909 2351 exemplo
943 2264 1209 2327 miscuit
1234 2262 1528 2326 Gellium
1559 2286 1714 2327 cum
1743 2265 2077 2342 Cicerone,
2123 2264 2206 2331 ad
2237 2264 2355 2327 Or..

271 2368 408 2435 pro
440 2347 712 2419 Caecina
754 2370 810 2409 c.
842 2358 899 2415 1.
953 2346 980 2430 [
993 2347 1055 2426 §-
1078 2346 1183 2431 2.]
1273 2346 1526 2409 Contra
1565 2368 1766 2433 quem
1803 2348 2140 2424 Graevius»,
2181 2348 2256 2411 in
2283 2346 2354 2413 fi.

206 2483 217 2493 .
273 2430 719 2495 annotationis
734 2431 814 2495 ad
826 2430 1144 2496 loc.‘laud.
1164 2452 1215 2493 c.
1234 2438 1297 2497 7.
1313 2475 1335 2510 ,
1362 2440 1733 2517 utrumque
1745 2442 1919 2495 recte
1936 2431 2358 2517 distinguens,

272 2526 341 2579 et
370 2514 555 2601 quod
582 2538 795 2580 manu
826 2537 1174 2581 conserere
1204 2514 1506 2579 dicebant
1543 2538 1626 2581 ex
1646 2518 1813 2595 iure,
1859 2516 2198 2581 diversum
2223 2538 2361 2579 esse

271 2600 637 2664 admonens
662 2620 699 2663 a
722 2600 1113 2665 deductione
1132 2598 1460 2679 moribus,
1503 2622 1646 2665 non
1669 2602 1834 2678 iure,
1877 2598 2070 2678 facta,
2111 2612 2358 2679 tamen,
2431 2676 2452 2688 ·

274 2684 432 2779 quia
454 2684 815 2749 modestius
846 2708 993 2749 rem
1022 2684 1298 2764 dixerat,
1342 2708 1380 2747 a
1398 2685 1668 2749 nemine
1693 2696 1790 2748 est
1819 2684 2084 2749 auditus
2096 2707 2116 2763 3
2161 2696 2226 2749 et
2253 2685 2359 2750 vi-

274 2778 365 2828 cit
388 2768 509 2829 iste
532 2788 691 2831 cum
721 2767 1061 2853 loquentia
1084 2790 1205 2833 sua
1230 2769 1422 2851 ade0,
1439 2781 1518 2832 ut
1540 2770 1736 2833 etiam
1762 2770 1968 2855 longo
1996 2782 2156 2857 post
2176 2782 2356 2834 tem-

275 2870 449 2935 pore
479 2849 821 2913 Ernestius
852 2852 1145 2947 integros
1174 2853 1313 2915 eius
1342 2874 1634 2927 erroreS‚
1677 2854 1998 2938 repetitos
2044 2865 2146 2917 ter
2186 2866 2356 2938 qun-'-

276 2942 515 3017 terque
554 2932 627 2995 in
662 2933 857 2998 Clave
904 2931 1089 3020 (vide
1128 2934 1201 2997 in
1232 2957 1297 2999 v.
1330 2957 1706 3014 conserere,
1753 2936 2082 2999 deducere
2128 2949 2193 2999 et
2233 2938 2355 3002 de-

274 3014 534 3095 ductio,
578 3016 1045 3103 imprimisque
1072 3018 1147 3079 in
1188 3014 1373 3103 vis),
1414 3029 1822 3114 propagaret
1868 3018 1950 3081 ad
1973 3040 2204 3083 omnes
2237 3020 2356 3087 de·-

274 3099 499 3187 inceps
540 3100 873 3164 Ciceronis
909 3100 1185 3165 lectores
1222 3111 1286 3163 et
1335 3101 1644 3164 editores=
1691 3101 1888 3163 'inter
1931 3120 2102 3185 quos
2139 3103 2358 3167 miror

273 3184 509 3249 saltem
542 3183 642 3251 cl.
661 3184 1008 3265 Beckium,
1055 3186 1399 3271 quomodo
1435 3184 1797 3248 Graevium
1821 3185 2127 3331 Rotuerit
2154 3184 2357 3249 affer-

272 3290 377 3348 re,
422 3280 487 3333 et
515 3278 743 3336 tamen
771 3270 1082 3335 moribus
1121 3268 1583 3332 deductionem
1612 3288 1698 3331 ex
1726 3267 1826 3331 Ge
1881 3268 1977 3341 ’0,
2024 3279 2090 3333 et
2134 3268 2216 3333 de
2245 3268 2359 3335 fe·-

272 3353 557 3419 stucaria
585 3355 841 3419 actione
866 3350 993 3440 (sic
1028 3351 1266 3437 dicit),
1310 3350 1758 3440 interpretari,
1801 3352 1884 3417 ad
1914 3352 2098 3419 Caec.
2129 3376 2187 3418 c.
2197 3362 2264 3423 7.
2283 3351 2356 3443 2)
2448 3418 2456 3430 ,

343 3518 407 3587 1)
437 3520 564 3572 Dixi
592 3520 777 3575 minus
799 3522 1105 3577 sollertem.
1152 3523 1263 3576 oh·
1362 3522 1516 3575 riore
1529 3560 1547 3588 ,
1591 3520 1654 3573 in
1691 3521 2029 3593 Scah'geran.
2055 3522 2166 3576 cd.
2189 3522 2358 3577 Fabri

274 3594 494 3639 vertent
522 3598 808 3643 auctorem
820 3592 1149 3659 Emestium,
1165 3593 1265 3663 qui
1362 3608 1420 3661 p.
1447 3595 1533 3647 91.
1577 3590 1667 3645 ed.
1693 3590 1882 3645 Gclcn.
1913 3611 1970 3663 p.
1999 3595 2114 3649 199.
2185 3596 2355 3657 „Ho-

276 3654 691 3731 Iiotomannum
752 3658 1113 3712 vehementer
1157 3661 1262 3713 ad-
1361 3669 1697 3715 temannum
1755 3660 1874 3713 sola
1937 3660 2108 3713 dictio
2155 3660 2358 3713 Latina

278 3723 614 3794 mirabatur,
668 3742 836 3798 quem
878 3720 1135 3801 op'cimum
1176 3735 1262 3782 in·
1365 3728 1740 3785 commendat.
1827 3732 2057 3783 Caetera
2074 3768 2089 3795 ‚
2145 3742 2355 3797 pauvre

278 3806 562 3865 ter-precem
578 3804 760 3861 vocat,
780 3804 837 3847 et
863 3800 1123 3850 iudicium
1145 3797 1261 3850 eiin
1362 3796 1660 3853 homme“.
1728 3800 1957 3852 numa.
1993 3797 2054 3850 in
2092 3802 2274 3853 indice
2295 3814 2352 3869 p.

277 3867 551 3935 egregium
587 3864 833 3930 extollit,
876 3880 1117 3935 eumque
1152 3865 1262 3917 du·
1366 3868 1486 3921 im.

278 3946 405 3983 cem
458 3946 637 4013 paene
689 3930 874 3987 solum
928 3934 1262 4003 sequebatur
1427 3936 1504 4014 β)
1570 3935 1906 4013 '‘Ac-tionem
1955 3934 2352 4017 fecem-ariani,

276 4000 1141 4143 i'sffffifflsssaffissffafflgsszf
1166 4020 1263 4123 ζ’ὲῗ
1356 4002 2351 4137 -‡{¹0{¹.{¹⁸2¹.¹1¹‚?{¹ni?22‘31³3⁸2¹3‚312.¹·¹.²‡?231

274 4148 359 4204 n),
388 4134 438 4188 si*
456 4152 579 4191 rem
600 4146 838 4213 spectas,
872 4139 919 4192 si
940 4142 1131 4207 verba,
1160 4140 1263 4193 ἀοι
1358 4140 1423 4192 in
1469 4156 1579 4211 qua
1611 4139 1870 4193 simulata
1898 4140 1975 4197 vis
2005 4141 2186 4220 Gellio
2226 4143 2351 4193 xx.
