2859 4617
706 379 868 431 χιιι
995 350 1022 371 ·“
1195 340 2331 433 ΡΜΝοΙΡΙεῈΜΤῙοΝΙε
2773 455 2781 461 ,

704 545 814 599 tae
841 552 1046 623 opera
1073 530 1244 599 edita
1273 528 1719 612 continentur,
1740 552 1944 619 quem
1973 550 2188 619 quum
2220 523 2592 594 acutissima
2622 548 2793 593 ocu-

703 612 935 685 lorum
963 617 1096 683 acie
1133 617 1487 683 lustrarem
1500 664 1519 694 ‚
1562 627 1625 682 et
1657 616 1781 681 sub
1864 616 2182 681 osteriore
2210 614 2554 703 scriptura
2594 614 2795 701 prio-

703 723 850 768 rem
873 700 1190 781 rimarem
1235 726 1276 767 o
1307 702 1483 769 Deus
1515 640 1934 779 immortalis,
1949 710 2221 789 repente
2236 697 2612 763 clamorem
2639 719 2794 761 sus-

707 785 831 851 tuli
851 830 872 865 ‚
917 785 1081 873 quid
1107 786 1383 851 demum
1407 787 1597 851 video
1620 788 1639 851 i
1720 784 1827 851 En
1859 784 2264 861 Ciceronem,
2308 802 2390 846 en
2416 781 2647 846 lumen
2672 804 2796 845 ro-

705 891 944 937 manae
983 868 1329 937 facundiae
1383 869 1849 956 indignissimis
1900 867 2185 935 tenebris
2228 866 2793 955 circumseptum!

705 954 1010 1040 Agnosco
1038 954 1083 1019 d
1205 955 1408 1019 rditas
1436 954 1646 1019 Tullii
1669 953 2017 1032 orationes,
2061 953 2270 1015 sentio
2300 951 2441 1015 eins
2471 950 2793 1036 eloquen-

704 1038 870 1103 tiam
893 1054 980 1103 ex
1003 1037 1110 1103 his
1165 1038 1401 1104 atebris
1429 1038 1649 1103 divina
1672 1038 1959 1123 quadam
1986 1036 2053 1101 vi
2076 1032 2305 1113 fluere,
2350 1032 2793 1099 abundantem

705 1122 1092 1187 sonantibus
1125 1122 1340 1189 verbis
1369 1122 1811 1217 uberibusque
1841 1120 2195 1186 sententiis,
2280 1118 2491 1185 Tituli
2522 1138 2793 1205 quoque

705 1222 996 1293 operum
1047 1207 1122 1271 in
1159 1206 1459 1292 margine
1514 1205 1749 1270 codicis
1792 1226 1930 1269 sese
1984 1203 2311 1303 paulatim
2368 1214 2791 1291 aperuerunt,

703 1290 924 1376 Atque
949 1290 1058 1355 hic
1074 1312 1194 1389 ego
1225 1290 1488 1378 quantis
1514 1288 1772 1355 laetitiis
1793 1288 2046 1369 incessi,
2062 1308 2217 1352 cum
2240 1298 2465 1373 partes
2495 1286 2793 1373 ingentes

701 1372 975 1439 ineditas
1025 1386 1245 1439 trium
1312 1374 1643 1439 Ciceronis
1702 1374 2083 1437 orationum
2118 1370 2543 1459 -deprehendi
2557 1419 2577 1453 ,
2651 1394 2794 1457 Pro

703 1452 968 1525 Scauro
987 1460 1333 1538 nimirum,
1353 1482 1486 1547 pro
1507 1457 1749 1536 Tullio,
1776 1468 1839 1521 et
1847 1481 1988 1545 pro
2002 1456 2253 1523 Flacco
2266 1454 2301 1522 ?
2330 1454 2707 1520 Grandibus
2733 1465 2795 1521 et

701 1540 1173 1630 pulcherrimis
1203 1540 1438 1607 litteris
1462 1565 1537 1607 ea
1564 1552 1819 1607 constat
1847 1542 2202 1628 scriptura,
2248 1552 2313 1605 et
2350 1542 2421 1605 in
2449 1540 2577 1603 tria
2622 1562 2794 1603 una-

707 1647 1007 1711 quaeque
1027 1626 1284 1715 pagella
1303 1625 1617 1691 latercula
1648 1621 1841 1709 [*?*]
1871 1625 2317 1711 distinguitur.
2369 1624 2432 1689 T
2436 1644 2555 1688 um
2578 1626 2790 1689 oratio

294 1722 302 1727 “
373 1692 706 1811 {opimus-an-
755 1734 834 1775 ro
863 1712 1125 1777 Scauro
1159 1711 1651 1796 elegantissimis
1682 1708 1949 1773 scholiis
1975 1710 2294 1806 stipatur,
2386 1728 2632 1773 uorum
2669 1708 2793 1772 alia

382 1780 694 1884 ᾱῆξῖὲῃὲὶζ
731 1795 938 1857 itteris
1015 1793 1304 1857 uadratis
1343 1793 1798 1858 vetustissimis
1838 1792 1959 1857 etsi
2002 1794 2351 1857 mlnutiori
2398 1814 2475 1857 us
2522 1804 2792 1857 exarata

379 1916 663 1955 neronem.
675 1900 678 1905 ’

375 2626 681 2698 Palimpse-

377 2696 449 2746 sti
484 2696 669 2751 forma

381 2774 437 2816 et
467 2775 637 2822 aetas.

643 3282 660 3287 -
704 3220 918 3311 quuin
962 3237 1102 3290 t-ota
1150 3225 1234 3287 sit·-
1274 3224 1477 3301 edita,
1520 3222 1689 3287 nihil
1718 3222 1925 3286 nobis
1964 3220 2303 3306 reliquum
2343 3221 2507 3301 fuit,
2550 3225 2679 3288 nisi
2706 3246 2792 3290 uz

649 3424 654 3428 ·
696 3391 1049 3458 ferremus.
1089 3387 1236 3451 Iam
1264 3408 1402 3475 quo
1433 3386 1698 3451 definite
1726 3386 1986 3451 saeculo
2008 3408 2235 3485 prima
2260 3390 2589 3455 Ciceronis
2616 3394 2791 3457 scri-

703 1889 895 1955 sunt,
1007 1879 1068 1941 ia
1090 1877 1479 1941 rudioribus
1511 1876 1801 1963 quidem,
1844 1875 1959 1939 sed
1988 1876 2212 1940 eadem
2241 1888 2467 1941 tamen
2498 1879 2791 1963 antiqua,

705 1970 906 2046 atque
934 1961 1019 2026 ab
1046 1960 1302 2039 eodem,
1323 1971 1402 2025 ut
1422 1960 1617 2047 plane
1637 1960 1917 2037 videtur,
1944 1964 2221 2025 auctore
2244 1960 2563 2049 profecta.
2609 1964 2791 2025 Scri-

705 2055 980 2133 ptorem
1013 2043 1266 2110 horum
1307 2044 1727 2109 scholiorum
1778 2045 2144 2110 Asconium
2186 2046 2545 2109 Pedianum
2586 2044 2791 2109 fuisse

704 2128 1039 2215 suspicorz
1081 2150 1242 2193 nam
1273 2140 1354 2193 =et
1393 2128 1613 2207 stilus,
1658 2139 1723 2193 et
1762 2128 2087 2194 naturalis
2114 2129 2415 2216 quidam
2461 2128 2680 2208 color,
2730 2140 2794 2195 et

703 2224 929 2277 totum
969 2234 1176 2299 genus
1216 2212 1540 2277 scribendi
1575 2213 1643 2278 id
1680 2213 1967 2278 indicare
2008 2212 2317 2279 videntur
2348 2212 2485 2297 13).
2572 2214 2791 2279 Porro

704 2296 820 2383 qni
847 2297 1246 2386 iampridem
1268 2308 1453 2362 extat
1480 2297 1743 2363 Asconii
1770 2298 2285 2363 commentarius
2315 2296 2387 2361 in
2416 2297 2795 2362 orationem
2829 2306 2831 2315 ἶ

689 2404 833 2469 pro
869 2382 1165 2463 Scauro,
1207 2401 1349 2446 non
1387 2381 1585 2470 plane
1620 2383 1875 2469 integer
1916 2404 2049 2445 esse
2087 2391 2309 2470 potest
2325 2428 2344 2459 ,
2378 2401 2602 2479 quum
2640 2382 2795 2467 ipsa

706 2466 921 2532 oratio
951 2488 1162 2557 paene
1186 2476 1330 2531 tota
1361 2477 1515 2533 ante
1548 2478 1853 2533 nostram
1884 2465 2244 2542 editionem
2286 2466 2792 2532 desideraretur.

872 2632 1010 2700 VL·
1073 2630 1162 2699 Et
1190 2632 1400 2701 codex
1444 2634 1717 2722 quidem
1744 2632 1816 2698 in
1892 2632 2173 2699 raesenti
2210 2643 2307 2697 est
2326 2630 2585 2700 formae
2618 2657 2799 2721 quae

707 2716 944 2781 dicitur
971 2718 1038 2783 in
1056 2724 1185 2799 8.⁰,
1233 2721 1386 2806 quia
1409 2718 1783 2785 monachus
1858 2716 2059 2783 edulii
2084 2717 2385 2815 Scriptor
2412 2718 2577 2783 folia
2604 2742 2801 2787 com.

707 2802 988 2887 plicuit&
1017 2804 1256 2889 quibus
1291 2805 1543 2869 iterum
1576 2801 1938 2889 explicitis,
1980 2800 2061 2865 ad
2101 2810 2444 2887 antiquam
2486 2798 2800 2871 formam

705 2888 775 2951 in
798 2890 895 2957 4.0
926 2886 1093 2952 liber
1129 2888 1316 2955 redit.
1403 2886 1548 2953 Iam
1574 2908 1661 2951 ex
1702 2884 1806 2949 his
1838 2882 2018 2949 foliis
2045 2884 2137 2965 ita
2163 2884 2481 2951 restitutis
2511 2908 2630 2951 sex
2657 2886 2802 2956 ha-
2833 2916 2834 2967 3

706 2970 866 3037 bent
895 2983 1156 3057 partem
1197 2972 1517 3037 orationis
1550 2976 1691 3059 'Pro
1728 2968 1991 3037 Scauro
2023 2992 2181 3035 cum
2224 2968 2521 3051 scholiiS,
2560 2972 2690 3037 tria
2726 2986 2803 3041 et
2833 2972 2834 2977 ’

703 3056 1056 3121 dimidium
1086 3080 1226 3145 pro
1261 3057 1519 3131 Tullio,
1563 3076 1783 3119 unum
1863 3079 1943 3121 ro
1968 3054 2236 3122 flacco.
2322 3056 2561 3121 Unum
2586 3057 2795 3123 etiarn

699 3140 1094 3227 particulam
1125 3140 1394 3205 exhibet
1421 3140 1741 3205 orationis
1831 3140 2115 3204 ullianae
2142 3164 2284 3227 pro
2310 3138 2569 3220 Caeli0,
2615 3162 2791 3227 quac

697 3311 908 3375 varias
949 3308 1206 3393 aliquot
1243 3306 1555 3372 lectiones
1605 3326 1691 3367 ex
1727 3314 1869 3367 tam
1888 3306 2159 3400 antiqua
2192 3305 2583 3372 membrana
2610 3331 2790 3395 pro-

695 3482 901 3562 ptura
938 3474 1010 3539 in
1051 3471 1272 3536 codice
1307 3471 1514 3536 fuerit
1550 3480 1847 3548 exarata,
1952 3489 2055 3533 uis
2094 3471 2364 3538 mdubia
2406 3476 2797 3543 coniectura

693 3549 1140 3645 pronunciet?
1222 3553 1374 3643 Ipsa
1407 3554 1735 3619 recentior
1760 3553 1886 3619 Sed
1962 3554 2009 3619 ii
2046 3556 2376 3645 scriptura
2404 3561 2649 3623 miram
2674 3584 2797 3627 sa..

691 3740 698 3749 “
768 3740 866 3801 13)
903 3737 984 3791 De
1009 3736 1226 3809 scriptis
1250 3736 1491 3809 stiloque
1519 3741 1689 3791 Asco-
1782 3741 2095 3809 mentm-io,
2126 3740 2173 3793 is
2210 3740 2530 3795 meminerit
2570 3750 2798 3800 non-ex

697 3806 780 3861 nii
799 3824 932 3860 mox
955 3808 1179 3877 copiose
1201 3824 1430 3879 egemus
1464 3810 1524 3861 in
1549 3808 1689 3859 alte·
1788 3810 1989 3863 eodem
2011 3811 2204 3865 codice
2238 3828 2303 3863 es
2342 3812 2487 3881 peti,
2522 3810 2797 3883 adeoque

691 3889 764 3928 ra
801 3875 1150 3945 praefatione
1204 3894 1326 3947 cap.
1361 3880 1452 3931 vl.
1486 3906 1557 3919 —
1587 3880 1689 3930 XI.
1780 3878 2035 3948 ipsorum
2063 3878 2456 3947 diversitatem,
2491 3880 2649 3951 siqua
2679 3894 2799 3953 est,

699 3958 814 4013 quo
849 3944 978 3999 loco
1013 3944 1281 3998 fusiorem
1343 3954 1690 3999 commenta·
1785 3948 1931 4000 nihil
1994 3946 2225 4007 officere
2282 3950 2531 4018 opinioni
2608 3968 2801 4019 quam

695 4013 848 4067 rium
889 4016 962 4067 ad
1007 4014 1142 4067 alias
1183 4014 1350 4069 Tullii
1406 4015 1691 4069 orationes
1786 4032 1920 4069 mox
1948 4016 2409 4071 confirmabimus
2447 4018 2517 4069 de
2544 4021 2805 4075 Asconio

680 4080 996 4153 diligenter
1027 4085 1453 4153 perpendemus.
1536 4084 1692 4137 sicui
1788 4098 1825 4136 a
1850 4085 2013 4135 nobis
2042 4095 2265 4151 reperto
2292 4087 2351 4137 in
2378 4084 2555 4139 altero
2584 4088 2810 4143 codice
2833 4092 2834 4121 ÷

696 4157 886 4204 temen
909 4169 1086 4224 genus
1111 4154 1316 4205 horum
1345 4152 1692 4205 scholiorum
1789 4150 2165 4204 ambrosiano.

699 4218 929 4273 differre
945 4221 1165 4274 videtur
1181 4240 1214 4273 a
1227 4222 1517 4289 praedicto
1533 4233 1665 4272 eom
1770 4242 1775 4249 ·
1853 4264 1867 4289 x
