2859 4617
760 358 933 426 PRO
974 358 1073 426 M.
1114 352 1486 423 AEMILIO
1527 350 1902 423 SCA-URO.

262 755 497 811 tunium
536 751 707 810 fuine
745 750 1066 821 praeditum
1110 765 1275 822 saepe

265 832 510 875 testatus
535 831 619 874 est
633 822 842 885 Cicero,
876 822 934 873 in
961 821 1153 891 primis
1180 836 1273 871 ve-

267 909 342 944 ro
388 896 455 945 de
504 898 733 944 Oratore
774 894 867 945 ΙΙΙ.
906 888 957 944 4.
1019 888 1271 958 [§.16.]

260 959 418 1025 Sed,
451 959 560 1013 hac
598 958 837 1011 admissa
877 958 1155 1023 lectione,
1186 970 1273 1009 se-

267 1037 546 1099 queretur
571 1063 579 1074 ·
605 1027 979 1080 voluntariam
1022 1034 1270 1079 mortem

265 1114 341 1150 ex
383 1096 593 1167 ingenii
634 1094 690 1147 vi
737 1095 815 1147 ita
854 1112 970 1147 esse
1012 1104 1270 1165 repeten-

266 1166 439 1231 dam,
486 1175 557 1233 *ut
585 1183 696 1235 quo
734 1165 947 1217 maiore
994 1166 1117 1234 quis
1146 1162 1269 1233 pol-

264 1234 391 1287 leat
430 1234 639 1305 ingenii
680 1232 829 1301 acie,
868 1250 935 1286 eo
976 1235 1163 1303 aptior
1199 1233 1273 1285 sit

268 1304 347 1355 ad
374 1305 615 1354 animam
644 1303 795 1369 ultro
832 1302 1267 1371 proiiciendam3

316 1372 435 1423 uod
464 1388 678 1433 vereor,
700 1388 771 1421 ne
795 1371 1035 1439 probent
1057 1386 1269 1425 omnes.

266 1442 293 1492 1
319 1440 379 1491 la
408 1438 555 1490 enim
581 1438 779 1491 melius
817 1447 899 1491 est
939 1438 1270 1489 arcessenda

272 1526 342 1560 ex
372 1508 561 1573 animi,
598 1516 663 1559 ut
689 1507 876 1559 dicere
905 1516 1113 1571 amant,
1148 1524 1269 1557 ma·

268 1576 568 1648 gnitudine
604 1576 881 1627 servitutis
917 1593 985 1626 ac
1028 1574 1271 1626 dedeco-

270 1648 350 1697 ris
384 1645 737 1714 impatiente,
786 1661 929 1713 quae
972 1660 1037 1695 ex
1066 1644 1268 1695 educa-

264 1715 446 1780 tione,
481 1713 696 1783 patriae
725 1712 1006 1778 institutis‚
1042 1712 1269 1782 religio-

267 1802 345 1835 ne
380 1784 641 1855 fingitur,
690 1790 859 1851 atque
880 1780 1149 1833 'laudibus
1176 1796 1269 1833 ex·-

265 1853 582 1922 emplisque
634 1852 1031 1918 confirmatur,
1101 1848 1269 1919 mini-

264 1939 433 1973 mum
458 1939 588 1973 vero
620 1938 683 1972 ex
706 1920 930 1991 ingenio
953 1918 1267 1971 meditatio-

261 1992 433 2043 nibus
472 1992 732 2055 subacto‚
774 1988 1088 2053 cuiusmodi
1126 1986 1267 2039 illud

264 2068 391 2111 erat
436 2062 508 2111 M.
545 2058 787 2110 Antonii.
870 2062 1011 2109 Sane
1052 2056 1267 2107 Tullius

263 2125 329 2191 in
397 2128 665 2179 Iuliorum
724 2127 969 2179 fratrum
1030 2124 1269 2197 ignobili

262 2198 559 2250 dedecore*
598 2197 759 2265 ponit
809 2204 1054 2247 mortem
1103 2206 1266 2264 expe-

259 2274 469 2329 ctasse,
510 2283 640 2317 cum
668 2273 847 2317 essent
872 2282 1079 2335 genere
1098 2272 1266 2333 atque

254 2336 443 2387 rebus
472 2334 638 2403 gestis
670 2336 990 2393 clarissirni5
1044 2348 1147 2401 par
1180 2348 1265 2383 er-

255 2420 331 2475 go
386 2404 663 2473 probrum
709 2400 951 2453 Antonio
999 2400 1267 2465 obiectat,

2243 368 2371 430 145

207 574 209 581 .
268 536 517 609 mena„
546 506 883 609 Graeciae
928 532 1153 628 (quae
1182 538 1335 601 sunt
1375 526 1603 599 verbis
1633 530 1968 604 ornatiora
1999 536 2234 623 'quam‘
2253 558 2388 606 rc:

1374 744 1871 827 quod-virgummo
1895 753 2120 825 imperio
2144 754 2369 823 praecii·¹⁴

1372 824 1464 868 tus
1499 832 1712 869 sicariis
1753 818 1918 870 Marii
1953 820 2210 875 servilem
2233 841 2370 893 poe-

1334 898 1341 907 ·
1372 902 1508 938 nam
1541 882 1778 937 dederit.
1847 891 2141 943 Summum
2175 902 2366 945 autem

1370 954 1673 1023 imperium
1707 971 1838 1009 cum
1873 957 2086 1009 Tullius
2117 960 2242 1028 plus
2281 978 2368 1014 se-

1369 1025 1486 1075 mel
1507 1023 1721 1075 tribuat
1759 1025 1963 1087 Quinto
2001 1026 2170 1081 fratri
2206 1031 2366 1083 Asiae

1368 1092 1635 1158 Praetori,
1668 1090 1922 1162 adeoque
1949 1096 2105 1149 nulla
2133 1098 2364 1151 militari

1368 1169 1645 1241 potestate
1671 1162 1964 1232 insignito,
2003 1172 2125 1217 tum
2156 1170 2364 1236 potiori

1368 1246 1492 1281 iure
1529 1228 1794 1281 dicendus
1837 1232 1944 1282 erit
1969 1233 2228 1288 tribuisse
2252 1243 2364 1287 An-

1368 1300 1527 1353 tonio
1566 1298 1689 1349 viro
1728 1300 2040 1370 consulari,
2097 1306 2194 1374 qui
2235 1304 2361 1357 Cili·-

1370 1368 1518 1419 ciam
1557 1368 1863 1420 Proconsul
1899 1382 2146 1441 rexerat,
2193 1382 2365 1444 atque

1370 1452 1666 1486 censuram
1743 1438 1955 1490 Romae
2026 1454 2365 1501 exercuerat.

1368 1506 1660 1555 PEYRON.
1710 1505 1924 1557 *Acute
1951 1506 2090 1559 haec
2117 1526 2233 1561 esse
2251 1512 2364 1562 dis-

1368 1580 1566 1639 putata
1628 1572 1892 1625 fatemur.
1995 1577 2364 1633 Praetulimus

1368 1648 1565 1691 tamen
1597 1639 1901 1693 lectionem
1956 1647 2177 1716 'ingenio
2197 1683 2212 1711 ,
2251 1648 2363 1698 uti-

1368 1724 1501 1760 nam
1540 1718 1696 1761 recto
1754 1709 1975 1779 ingenio
2021 1713 2134 1767 usi!
2216 1718 2362 1768 Nam

1367 1786 1602 1847 optumo
1628 1775 1859 1849 quisque
1886 1788 1943 1830 et
1973 1781 2367 1851 splendidissu·¹

1364 1862 1462 1898 mo
1476 1846 1701 1927 ingenio
1714 1846 1884 1918 longe
1894 1848 2188 1904 honestam
2207 1851 2361 1905 mor-

1364 1923 1487 1967 tem
1515 1926 1662 1967 vitae
1689 1932 1818 1967 cum
1843 1917 2153 1987 ignominia
2181 1931 2237 1974 et
2265 1922 2360 1975 de-

1366 1984 1574 2037 decore
1601 1987 1906 2055 anteponit.
1959 1993 2025 2043 V.
2051 1987 2122 2041 de
2148 1998 2363 2063 magniq

1368 2058 1560 2107 tudine
1589 2059 1759 2108 animi
1796 2060 2065 2110 existente
2103 2081 2170 2112 ex
2196 2065 2360 2134 inge-

1367 2128 1463 2176 nio
1491 2126 1619 2177 bene
1660 2144 1696 2176 a
1723 2127 1947 2179 Natura
1990 2128 2286 2199 informato
2315 2132 2358 2186 Ι.

1368 2194 1460 2262 off
1497 2194 1562 2258 4,
1607 2193 1688 2247 13.
1715 2202 1850 2248 extr.
1891 2211 2022 2246 cum
2065 2206 2254 2251 annot.
2288 2198 2358 2251 de

1364 2262 1488 2329 ipso
1519 2270 1705 2313 autem
1732 2264 1972 2314 Antonio
1999 2263 2358 2319 Plutarchum

1365 2330 1423 2381 in
1451 2334 1631 2383 Mario
1658 2348 1704 2381 c.
1731 2329 1818 2385 44.
1890 2332 2182 2387 Valerium
2212 2338 2354 2390 Max.

1328 2450 1333 2455 .
1365 2387 1507 2453 vm.
1534 2400 1588 2465 9,
1616 2400 1668 2454 2.
1703 2401 1801 2453 IX.
1826 2400 1879 2467 2,
1902 2402 1958 2455 2.

261 2606 441 2673 tifex
482 2606 827 2673 Maximus
884 2618 949 2672 e‘t
992 2606 1167 2672 bello
1194 2602 1546 2671 Aristonici
1586 2602 1655 2666 in
1679 2603 1829 2669 Asia
1866 2602 2044 2671 dedit
2073 2628 2355 2695 operam

262 2706 343 2757 ut
398 2693 823 2759 occideretur.
906 2692 1113 2757 Iulios
1152 2703 1371 2755 autem
1422 2712 1582 2754 cum
1619 2688 1804 2767 dicit,
1849 2689 2016 2755 duos
2051 2691 2352 2757 Caesares

261 2777 509 2840 fratres
542 2778 772 2839 Caium
798 2774 871 2841 'et
900 2778 1183 2841 Lucium
1226 2774 1579 2863 significat:
1637 2793 1723 2837 ex
1751 2774 1990 2859 quibus
2023 2776 2264 2842 Lucius
2289 2790 2351 2842 ct

264 2872 547 2947 praetor
596 2873 657 2923 et
700 2862 931 2923 consul
968 2861 1128 2934 fuit.;
1190 2862 1383 2924 Cuius
1426 2857 1750 2923 aedilitius
1797 2860 2068 2944 quidem
2099 2863 2350 2925 occisus

270 2956 404 3019 est,
451 2944 563 3005 sed
603 2955 867 3007 tantum
912 2944 982 3006 in
1022 2946 1277 3007 civitate
1312 2944 1569 3029 potuit,
1613 2953 1690 3004 ut
1729 2964 1918 3005 causa
1956 2942 2106 3007 belli
2147 2946 2350 3011 civilis

266 3026 607 3101 contentio
655 3026 791 3091 eius
842 3050 999 3091 cum
1043 3026 1333 3113 Sulpitio
1378 3024 1690 3115 Tribuno
1732 3025 1958 3093 fuerit.
2063 3028 2130 3090 N
2131 3052 2239 3095 am
2285 3041 2354 3093 et

266 3194 455 3247 luerat
494 3192 699 3247 addere
746 3209 818 3247 et
847 3196 1058 3265 philos-o
1096 3197 1264 3247 biam.

264 3264 375 3317 Sed
420 3282 547 3316 cum
599 3262 671 3315 ad
726 3264 913 3332 priora
962 3280 1031 3315 re
1056 3263 1267 3315 utanda

264 3334 447 3400 abripi
470 3351 529 3385 se
558 3350 743 3402 passus
772 3342 941 3385 esset:
990 3333 1101 3385 illis
1133 3348 1264 3385 ver-

263 3405 352 3455 bis
380 3403 473 3453 hic
511 3402 723 3455 omissis
762 3402 835 3455 ad
876 3402 1263 3473 quaestionem

268 3472 340 3523 de
392 3471 738 3539 philosophia
796 3490 845 3527 c.
886 3474 969 3525 51.
1033 3472 1262 3525 demum

266 3538 486 3592 transit.
557 3540 694 3593 lbid.
737 3544 835 3607 50,
878 3543 998 3594 217.
1036 3558 1121 3593 vv.
1160 3562 1260 3595 ea-

268 3612 495 3677 demque
513 3614 724 3661 ratione
738 3614 991 3662 dt‘cancur
1022 3626 1091 3664 et
1126 3631 1261 3683 quos

268 3676 635 3744 φυσικούς
708 3680 905 3729 Graeci
975 3683 1260 3733 nominant

266 3748 433 3803 iidem
456 3760 655 3819 poetae
695 3746 1071 3807 continuanda
1098 3757 1259 3800 erant

267 3815 381 3865 sic:
420 3836 447 3866 e
468 3829 493 3867 t
520 3814 833 3885 philosophi
850 3817 1013 3865 iidem
1040 3836 1258 3887 geome-

267 3899 393 3937 trae
417 3898 515 3935 aut
540 3886 755 3933 musici:
794 3880 945 3949 quod
973 3898 1122 3933 nunc
1150 3883 1260 3935 alia

265 3951 533 4004 orationis
556 3951 743 4002 forma
764 3965 893 3999 usus
920 3950 1127 4001 adiicit.
1167 3952 1261 4003 His

259 4020 558 4091 exemplis,
644 4033 883 4089 quorum
918 4013 1259 4072 'observatio

248 4090 501 4143 -debetur
544 4087 789 4141 acumini
816 4092 876 4139 A.
908 4086 1175 4140 Matthiae
1199 4088 1259 4147 in

263 4159 646 4213 Friedemanni
674 4167 731 4210 et
744 4156 1010 4209 ·Seehodii
1034 4162 1258 4211 -Miscel-

1364 3190 1510 3246 adde
1540 3191 1680 3244 illud
1711 3196 1776 3245 de
1802 3195 2025 3265 republ.
2047 3197 2089 3247 Ι.
2117 3194 2168 3252 8,.
2207 3200 2354 3251 Hinc

1364 3266 1510 3315 enim
1555 3258 1656 3314 illa
1690 3284 1720 3314 e
1735 3277 1763 3315 ε
1796 3266 1944 3337 apud
1973 3268 2210 3317 Graecos
2251 3286 2352 3317 ex-

1362 3334 1542 3402 empla
1574 3359 1645 3369 —-
1678 3352 1824 3402 quae
1857 3347 1994 3385 nata
2018 3335 2351 3407 etsi-equen-

1364 3416 1493 3455 tata
1521 3404 1672 3480 apud
1707 3404 1834 3453 illos
1869 3406 1974 3454 eti
1987 3422 2090 3455 am
2123 3408 2182 3456 in
2220 3425 2350 3475 gra·-

1332 3476 1654 3527 ,vissumam
1691 3475 1968 3523 civitatem
2001 3487 2244 3526 nostram
2266 3479 2349 3527 di-

1362 3554 1561 3594 cuntur
1597 3542 1953 3605 redundasse,
2006 3550 2262 3593 notatum
2295 3545 2349 3596 C.

1358 3610 1417 3664 F.
1444 3614 1505 3661 A.
1535 3608 1832 3660 Fritszchio
1861 3612 1928 3661 de
1951 3615 2225 3663 nonnullis
2243 3636 2354 3683 pv·-

1359 3682 1607 3731 sterioris
1631 3682 1796 3731 Paule·
1820 3682 1895 3732 ad
1911 3684 2216 3733 Corinthios
2237 3684 2351 3749 epi-

1358 3750 1536 3801 8tolae
1569 3750 1702 3799 Iocis
1745 3750 1878 3801 diss.
1921 3752 2002 3799 Il.
2043 3764 2097 3815 p.
2131 3750 2208 3800 14.
2253 3747 2352 3799 ubi

1360 3815 1616 3884 egregius
1631 3816 1906 3883 interpres
1925 3816 2224 3867 verissume
2253 3816 2352 3875 do,-

1362 3884 1481 3933 cuit
1499 3884 1732 3933 eandem
1757 3883 2024 3951 loquendi
2054 3894 2352 3936 consuetu-
2379 3916 2394 3938 t

1362 3950 1552 4001 dinem
1576 3968 1690 4001 non
1717 3960 1833 4001 tam
1851 3950 2159 4002 mirandam
2181 3968 2347 4021 quam

1359 4018 1552 4071 sedulo
1569 4018 1970 4070 observandam
1998 4037 2131 4081 esse,
2147 4022 2348 4093 quippe

1360 4105 1427 4141 ex
1449 4088 1662 4139 intimis
1686 4088 1920 4139 rationis
1947 4088 2220 4143 humanae
2245 4096 2348 4147 de-
2439 4080 2452 4101 ‘

1348 4165 1680 4229 'promptam
1712 4157 1864 4228 quasi
1889 4163 2208 4217 recessibus.

262 4229 435 4283 laneis
460 4234 673 4285 critici-¹·
697 4226 821 4284 Vol.
837 4230 879 4281 1.
907 4228 966 4279 P.
995 4230 1035 4281 1.
1064 4244 1119 4297 p.
1134 4230 1256 4283 677.
1352 4244 1359 4251 ‘

1865 4296 1928 4359 K
