2859 4617
496 312 625 383 m
908 349 919 361 .
976 300 1391 373 mmm
1432 298 1558 371 m·
1595 300 2090 403 Excessus,

500 478 687 569 quod
716 476 943 555 actori,
1010 487 1153 561 ostq
1162 496 1320 539 uam
1336 494 1600 538 causam
1621 494 1812 538 suam
1841 496 2069 537 coram
2084 472 2400 539 Praetore
2469 498 2626 541 ro-

498 573 837 653 posuerat,
879 581 959 624 su
1004 561 1215 625 eunda
1247 578 1403 622 suae
1430 559 1799 623 assertionis
1827 558 2142 647 probatio
2167 569 2326 623 erat.
2487 584 2625 625 aec

502 666 665 715 vero
702 645 1011 734 probatio
1037 642 1391 730 incipiebat
1422 666 1460 705 a
1481 642 1768 729 petenda
1807 642 2372 723 condemnatione,
2423 666 2622 730 quae

504 732 593 797 ab
618 742 839 795 actore
864 728 993 793 litis
1022 727 1476 792 contestationi
1499 726 1852 790 adiicienda
1867 726 1951 789 ·in
1977 727 2234 790 actione
2259 726 2426 791 reali
2449 750 2614 793 non

502 815 577 881 in
602 834 746 879 rem
774 815 989 901 ipsam
1018 812 1412 877 vindicatam
1447 822 2108 897 controversamque,
2154 811 2269 875 scd
2293 811 2363 874 in
2392 831 2614 878 sum-

502 919 694 963 mam
730 897 1103 985 sponsionis
1128 914 1303 975 non,
1365 908 1442 959 ut
1482 888 2018 960 Freiesleben
2058 904 2284 983 putat,
2327 895 2521 961 illam
2563 920 2608 963 a

501 1004 626 1048 reo
662 1004 793 1070 pro
832 981 1077 1067 praede
1114 980 1247 1043 litis
1286 990 1352 1042 et
1389 977 1830 1043 vindiciarum
1872 980 2307 1065 promissam,
2363 980 2603 1046 immo

504 1066 582 1135 ‘in
631 1064 1161 1155 praeiudicialem
1216 1062 1641 1149 dirigebatur.
1745 1061 1889 1126 Iam
1947 1063 2002 1125 si
2057 1081 2314 1129 summa
2369 1062 2596 1127 huius

509 1150 889 1239 >sponsionis
926 1172 965 1213 a
1000 1146 1320 1212 iudicibus
1356 1147 1562 1210 actori
1609 1146 1967 1211 adiudicata
2003 1158 2171 1211 esset
2186 1193 2206 1227 ,
2258 1146 2406 1210 haec
2448 1147 2586 1211 ad·-

510 1233 821 1301 iudicatio
858 1230 1063 1295 simul
1090 1230 1528 1295 addictionem
1567 1232 1664 1296 rei
1699 1242 2160 1296 controversae
2184 1230 2384 1323 ipsius
2409 1250 2598 1297 con-

510 1316 762 1382 tinebat
812 1316 917 1383 vel
976 1316 1147 1379 hanc
1206 1326 1507 1394 tantum,
1594 1317 1917 1401 quoniam
1969 1316 2242 1403 sponsio
2294 1326 2600 1403 propter

512 1398 647 1467 hoc
700 1400 923 1465 solum
980 1398 1155 1465 facta
1209 1410 1405 1474 esset,
1491 1410 1572 1464 ut
1626 1422 1752 1487 per
1805 1420 1952 1464 eam
2007 1400 2088 1465 de
2141 1420 2216 1465 re
2264 1398 2602 1463 iudicare·—

509 1496 793 1550 tur·nec
850 1484 1167 1573 posthaec
1216 1482 1287 1547 in
1350 1482 1578 1548 eadem
1619 1504 1810 1549 causa
1863 1504 2034 1549 nova
2079 1484 2162 1549 de
2209 1483 2474 1548 damnis
2533 1496 2604 1548 et

510 1568 843 1635 fructibus
891 1570 972 1633 lis
1012 1592 1049 1633 a
1085 1568 1391 1655 partibus
1430 1568 1802 1633 resuscitari
1851 1579 2102 1653 posset.
2201 1568 2327 1631 Sed
2373 1567 2460 1631 de
2494 1566 2602 1634 his

562 1653 789 1719 uidem
826 1652 1003 1719 facta
1034 1652 1307 1739 sponsio
1350 1672 1616 1738 semper
1665 1652 1960 1739 poenalis
1989 1662 2128 1716 erat
2167 1651 2246 1715 ad
2283 1658 2606 1717 co‘ercen-

514 1674 675 1805 dam
708 1737 1109 1802 calumniam
1154 1747 1405 1801 temere
1441 1735 1884 1823 litigantium:
1927 1748 2010 1801 ut
2053 1747 2203 1802 ante
2245 1735 2604 1803 docuimus

488 1816 787 1889 xauctore
810 1820 981 1885 Gaio
1004 1817 1117 1885 lv.
1148 1829 1291 1890 167.
1320 1842 1371 1883 s.

682 1906 964 1969 Causam
980 1952 999 1983 ,
1044 1924 1165 1969 cur
1192 1926 1277 1968 ex
1302 1902 1766 2005 prohibitoriis
1791 1904 2148 1970 interdictis
2183 1927 2454 1993 semper
2475 1926 2604 1995 per

596 1990 965 2066 ousionem,
1010 2008 1096 2051 ex
1126 1999 1353 2053 ceteris
1374 1989 1582 2053 modo
1623 2012 1750 2076 per
1778 1990 2205 2077 sponsionem
2235 1990 2444 2055 modo
2475 2011 2608 2075 per

548 2072 886 2139 ormulam
908 2072 1321 2137 arbitrariam
1350 2073 1455 2169 agi
1471 2072 1738 2151 soleret,
1749 2073 2134 2139 Hauboldus
2157 2074 2205 2139 l.
2224 2097 2278 2138 c.
2295 2082 2602 2163 p.885.s.

514 2160 589 2224 in
612 2180 692 2223 eo
716 2156 1257 2245 depraehendisse
1289 2155 1411 2221 sibi
1439 2156 1803 2235 videbatur,
1849 2158 2034 2245 quod
2059 2158 2400 2223 interdicta
2429 2180 2605 2245 pro-

512 2242 833 2309 hibitoria
858 2242 1057 2305 nimis
1080 2241 1470 2327 generaliter
1494 2262 1616 2305 nec
1642 2243 1798 2305 satis
1827 2243 2322 2307 accommodate
2349 2242 2431 2306 ad
2455 2262 2604 2307 rem

521 2326 927 2413 singularem
956 2337 1169 2389 essent
1206 2336 1520 2473 concepta
1535 2373 1554 2403 ,
1597 2337 1678 2389 ut
1698 2324 1800 2389 his
1829 2328 2437 2391 controversiarum
2464 2326 2601 2390 dis-

520 2411 1003 2501 ceptandarum
1040 2408 1357 2473 formulis
1424 2410 1758 2495 itigatores
1797 2422 2176 2488 merentum-3
2221 2412 2448 2475 ceteris
2479 2430 2601 2474 au-

521 2507 665 2561 tem
688 2493 1049 2559 interdictis
1076 2492 1279 2580 plura
1318 2492 1759 2557 additamenta
1787 2493 1868 2557 ad
1907 2494 2006 2559 rei
2027 2494 2468 2583 inprimisque
2495 2492 2600 2558 fa·

526 2580 635 2646 cti‘
652 2576 1169 2643 controversiam
1212 2576 1740 2641 constituendam
1781 2578 2334 2644 concluderentur
2369 2589 2436 2643 et
2479 2598 2598 2665 per

521 2661 921 2729 formulam*
937 2659 1349 2723 arbitrariam
1377 2681 1484 2723 res
1509 2659 1699 2725 facile
1741 2660 1823 2725 ad
1853 2663 2112 2727 exitum
2141 2662 2420 2753 perduci
2491 2685 2602 2726 os-

523 2756 645 2813 set.
718 2743 1127 2821 Videbantur
1152 2743 1361 2831 igitur
1387 2744 1532 2809 viro
1561 2747 1964 2810 acutissumo
1995 2749 2380 2834 sponsiones
2489 2747 2606 2810 'sse

526 2828 1041 2895 interdictorum
1082 2848 1225 2893 non
1270 2828 1425 2891 satis
1475 2828 1740 2894 definite
1827 2830 2282 2897 rohibentium
2333 2842 2451 2895 aut
2499 2830 2604 2894 iu-

526 2914 834 2982 bentium
860 2912 1215 2977 necessaria
1248 2913 1574 2999 quaedam
1600 2936 1775 3002 supp
1805 2926 2060 2979 ementa
2077 2940 2096 2979 ε
2185 2936 2300 2979 uas
2323 2924 2407 2979 ut
2429 2910 2606 2979 face-

526 3008 685 3064 rent
733 3008 891 3085 post
942 2995 1385 3084 prohibitoria
1439 2998 1711 3083 quidem
1762 2998 2110 3063 interdicta
2187 3000 2522 3085 itigatores
2569 3020 2606 3063 a

527 3082 841 3147 Praetore
856 3081 1321 3166 ‘suspicabatur
1340 3092 1617 3160 coaetos,
1661 3092 1740 3148 ut
1761 3081 1904 3145 aliis
1928 3083 2322 3168 quibusdam
2343 3083 2414 3145 in
2441 3083 2603 3145 casi-

530 3166 657 3233 bus
678 3165 826 3229 fieri
863 3164 1138 3229 solitum
1168 3176 1450 3228 testatur
1485 3165 1594 3229 lex·
1625 3166 1712 3231 de
1749 3166 1988 3231 Gallia
2031 3168 2390 3256 Cisalpina
2421 3188 2473 3229 c.
2502 3173 2598 3232 19.

516 3249 651 3315 iia.
678 3258 745 3317 2.
766 3259 831 3313 et
856 3258 919 3317 8.
962 3272 999 3312 a
1050 3248 1143 3327 ud
1174 3248 1531 3333 Hugonem
1569 3249 1710 3315 inl.
1745 3249 1946 3316 civil.
1985 3252 2110 3316 Ma
2165 3254 2328 3317 azin.
2360 3249 2477 3315 vol.
2504 3242 2584 3313 Π.

522 3382 531 3393 .
580 3378 603 3398 .
624 3342 773 3403 438.
815 3332 987 3399 ΒΕ]
986 3270 1071 3398 ἰ
1058 3332 1128 3400 Ε
1168 3330 1807 3401 SPONSIONEM
1831 3334 2005 3402 FIE
2133 3338 2186 3400 I
2215 3336 2268 3403 Ι
2269 3330 2596 3401 UDICA-

520 3454 528 3461 ·
646 3417 731 3483 V
719 3418 789 3483 E
831 3416 1197 3484 IUBEBI
1198 3417 1278 3479 T.
1363 3416 1505 3481 Nos
1533 3418 1832 3483 addimus
1862 3417 2279 3487 luculentum
2305 3418 2604 3484 testimo—

530 3504 728 3567 nium
776 3502 905 3564 Cic.
936 3522 1079 3587 pro
1117 3501 1381 3583 Quinct.
1414 3508 1491 3576 8,
1538 3510 1640 3567 31.
1685 3524 1733 3567 s,
1787 3513 1853 3566 et
1893 3504 2042 3568 Gaii
2078 3502 2192 3568 IV.
2241 3504 2306 3585 5.
2351 3511 2455 3571 8¹.
2491 3500 2604 3565 ubi

526 3596 813 3683 propter
838 3584 1173 3649 damnum
1194 3580 1516 3672 infectum
1531 3587 1882 3673 stipulatio
1907 3589 1982 3653 in
2010 3588 2230 3653 edicto
2243 3587 2607 3687 proposita

533 3674 792 3736 dicitur.
857 3668 991 3731 sed
1035 3664 1064 3753 (
1075 3688 1211 3754 pax
1242 3669 1326 3730 sit
1352 3666 1658 3733 Manibus
1694 3674 2262 3757 praestantissumi
2289 3671 2413 3735 viri
2431 3667 2486 3757 2)
2530 3670 2607 3732 de

534 3752 824 3842 replane
840 3750 1026 3817 aliter
1051 3750 1391 3815 sentimus.
1437 3750 1838 3840 Sponsiones
1861 3757 2038 3821 enim
2059 3754 2258 3820 factas
2277 3774 2607 3819 censemus

535 3840 611 3903 in
630 3837 837 3902 solius
865 3834 1022 3901 facti
1054 3838 1545 3919 controversiis,
1589 3860 1748 3903 cum
1777 3838 1942 3905 alter
1965 3842 2184 3919 aieret,
2229 3839 2392 3903 alter
2413 3858 2606 3923 nega-

540 3933 676 4000 ret,
718 3942 877 4007 ergo
914 3920 995 3984 de
1016 3919 1215 3985 rebus
1252 3936 1458 4006 quam
1499 3944 1820 3987 maxume
1853 3924 2042 3987 certis
2075 3936 2138 3988 et
2176 3921 2606 4013 simplicibus3

530 4006 614 4065 «in
660 4006 835 4067 ambi
930 4026 973 4069 o
1020 4016 1247 4068 autem
1292 4006 1438 4070 iure
1482 4016 1705 4071 actum
1755 4030 1880 4095 per
1928 4007 2303 4071 formulam
2339 4004 2609 4071 arbitra-

534 4085 731 4153 riam.
814 4024 995 4173 Ιξὲο,
1058 4088 1185 4159 nisi
1217 4086 1423 4157 fauor
1437 4131 1460 4170 ,
1511 4089 1714 4179 plane
1749 4092 2058 4162 convenit
2086 4112 2254 4159 ,cum
2298 4090 2410 4174 iis,
2453 4108 2612 4179 quae
