2859 4617
723 336 904 408 PRO
948 336 1045 405 M.
1092 334 1470 405 AEMILIO
1517 334 1888 405 SCAURO.

2218 343 2356 407 217

448 552 473 592 2
822 508 1035 575 Versu
1084 532 1123 575 a
1144 505 1528 574 novissimo
1574 505 1773 578 CLX.

462 678 509 735 *
524 680 853 774 Undique
892 680 1072 753 mihi
1107 680 1730 775 suppeditat·.quod
1765 702 1900 773 pro
1942 679 2049 753 Μ.
2095 679 2360 755 scauro

248 782 516 870 dicam,
563 808 973 876 quocunque
1002 808 1139 853 non
1168 784 1381 857 modo
1407 807 1620 869 mens,
1669 808 1908 853 verum
1939 787 2142 853 etiam
2175 786 2361 855 oculi

252 886 628 957 inciderint.
735 888 943 959 caria
968 889 1084 959 illa
1111 909 1232 955 vos
1258 886 1349 959 de
1386 888 1782 978 gravissimo
1815 887 2206 980 principatu
2226 912 2360 979 pa-

180 1050 211 1063 -
254 990 374 1061 tris
406 990 906 1087 fortissimoque
933 998 1239 1073 testatus-3
1290 990 1376 1061 1..
1402 990 1550 1084 ipse
1567 988 1918 1079 Metellus,
1941 1014 2105 1063 avus
2136 991 2361 1076 haim,

258 1303 358 1359 θιε
370 1295 667 1360 Ἀπολλων]
686 1302 788 1363 τὰν
803 1301 1010 1377 evitem
1027 1302 1255 1363 Σῦλλαν
1352 1306 1548 1379 tiquae
1575 1306 1870 1371 editiones,
1891 1305 1979 1361 uti
2005 1306 2126 1359 clus
2140 1305 2255 1360 Mai
2275 1314 2362 1359 te·

261 1408 278 1424 .
296 1408 315 1425 .
328 1368 583 1428 ἐνταῦθα
604 1374 825 1443 §lapsam
861 1377 1184 1430 detestantis
1193 1376 1258 1429 in

262 1460 344 1494 or.
374 1462 481 1513 pro
509 1447 632 1500 Mil.
658 1446 749 1511 37,
778 1448 897 1501 101.
938 1450 1015 1499 ad
1040 1451 1162 1500 Act.
1189 1448 1258 1500 11.

261 1528 363 1592 ep..
381 1512 431 1567 1.
456 1518 593 1564 sect.
616 1514 667 1567 6.
691 1514 737 1570 f.
805 1522 888 1567 Er
927 1535 959 1569 ο
986 1517 1143 1580 istos,
1170 1518 1263 1566 in·-

301 1598 419 1633 mes
430 1617 449 1645 ,
487 1585 727 1637 mercede
760 1604 863 1637 oon
902 1598 1055 1637 uoto-s
1088 1582 1262 1637 habe-
1290 1628 1303 1636 ,

298 1650 485 1704 imus?
519 1687 535 1704 .
572 1687 588 1704 .
628 1690 642 1705 .
678 1672 754 1707 an
792 1654 1067 1707 libertinis
1094 1666 1265 1726 atque

264 1720 441 1772 etiam
464 1722 638 1774 servia
664 1724 955 1775 serviemus
969 1725 999 1777 Ρ

336 1825 427 1885 46·
506 1833 759 1902 Undique
820 1832 987 1903 mihi]
1046 1832 1269 1885 Postre-

265 1912 428 1951 mum
452 1898 805 1951 Taurinensis
825 1900 1034 1953 codicis
1062 1901 1269 1955 folium

264 1964 472 2034 incipit
493 1982 528 2019 a
551 1968 735 2023 verbis
764 1973 932 2023 tuisse
959 1972 1155 2042 templo
1179 1974 1266 2024 vi·

266 2035 429 2091 detur
451 2039 511 2089 in
526 2051 705 2091 vestro
721 2053 1013 2109 conspectu
1036 2042 1263 2095 iudices.

263 2102 433 2172 Atqui
459 2102 601 2157 haec
630 2106 801 2157 habet
817 2108 1082 2160 Asconius
1110 2108 1183 2159 ad
1203 2106 1261 2161 h.

267 2186 354 2227 or.
430 2173 652 2226 Asconii
698 2190 835 2243 ergo
884 2176 1269 2245 fragmentum

267 2254 403 2291 cum
476 2241 809 2313 Taurinensi
894 2244 1272 2313 coniungitur.

268 2307 560 2360 Postrema
586 2308 729 2360 haec
774 2318 859 2360 est
882 2328 1013 2378 pars
1038 2328 1271 2379 perora·

268 2372 471 2441 tionis,
510 2375 580 2441 xin
621 2393 733 2445 qua
771 2382 1045 2431 Scaurum
1076 2380 1273 2431 laudat

273 2440 469 2497 cicero
508 2460 543 2497 a
576 2445 883 2500 maioribus
914 2448 1059 2515 suiS,
1106 2464 1271 2519 prae-

270 2511 472 2565 sertim
511 2529 646 2567 vero
690 2514 761 2569 ab
790 2532 893 2569 avo
932 2518 994 2573 L.
1022 2517 1269 2585 Metello,
1308 2540 1317 2553 =

274 2587 333 2635 et
366 2589 528 2649 patre
563 2582 803 2637 Aemilio
846 2588 1075 2641 Scauro.
1144 2588 1269 2639 Hoc

270 2647 650 2719 fragmentum
672 2652 944 2709 innuebat
972 2654 1268 2721 Quintilia-

272 2733 379 2769 nus
394 2720 723 2789 v1.1.[13ip.
749 2740 804 2791 p.
821 2724 977 2793 350.]
1009 2727 1076 2778 de
1139 2745 1267 2779 ero-

276 2788 491 2841 ratione
544 2790 821 2843 scribens:
892 2793 1099 2860 „Peric
1126 2793 1267 2847 'tan-

274 2859 398 2907 tem
436 2870 571 2907 vero
614 2860 977 2917 commendat
1008 2860 1267 2930 dignitas,

278 2928 337 2973 et
378 2921 563 2975 studia
612 2918 817 2995 fortia,
880 2937 939 2981 et
978 2938 1268 2997 susceptae

274 2988 429 3044 bello
468 2990 777 3059 cicatrices,
812 3005 870 3047 et
897 2996 1177 3063 nobilitas,
1212 3005 1271 3049 et

275 3058 482 3113 merita
520 3062 819 3114 maiorum.
908 3067 1060 3132 Hoc,
1116 3064 1273 3136 quod

276 3128 532 3199 proxime
556 3130 687 3199 dixi,
722 3131 915 3186 Cicero
946 3142 1123 3203 atque
1151 3132 1271 3186 Asi·

272 3194 398 3251 nius
413 3199 673 3253 certatim
687 3202 945 3255 suntusi:
978 3219 1083 3272 pro
1098 3206 1270 3257 Scau-

272 3282 339 3321 ro
394 3276 555 3335 patre
600 3268 723 3335 hic,
788 3268 888 3323 ille
941 3288 1048 3341 pro
1091 3271 1271 3327 filio.“

270 3338 455 3399 Quam
484 3354 618 3403 vero
657 3341 908 3409 apposite
936 3340 1010 3393 ad
1036 3349 1268 3410 captan-

272 3403 409 3458 dum
444 3405 699 3461 iudicum
744 3409 1003 3463 favorem
1050 3410 1192 3463 haec
1234 3428 1271 3463 a

272 3471 457 3527 Tullio
496 3474 649 3529 dicta
683 3477 927 3549 fuerint,
988 3478 1267 3549 intelligi·-

274 3555 400 3595 mus
440 3557 477 3593 a
499 3544 723 3599 Valerio
760 3548 905 3601 Max.
930 3549 1069 3603 VIII.
1094 3552 1145 3605 1.
1181 3552 1267 3605 10.

276 3609 404 3675 „M.
446 3627 669 3681 quoque
719 3613 987 3669 Aemilius
1025 3622 1267 3673 Scaurus

274 3678 713 3745 repetundarum
742 3701 870 3741 reus
906 3722 922 3737 .
958 3724 974 3738 .
1010 3724 1026 3739 .
1062 3724 1081 3745 .
1170 3702 1265 3739 er·-

276 3744 455 3798 ditam
504 3756 561 3801 et
612 3752 1021 3833 comploratam
1071 3754 1107 3806 d
1170 3772 1268 3808 en-

274 3814 489 3868 sionem
514 3816 575 3868 in
598 3818 870 3873 iudicium
912 3820 1103 3874 attulit
1137 3861 1153 3878 .
1175 3860 1191 3877 .
1212 3861 1227 3877 .
1246 3860 1264 3879 .

274 3892 463 3937 tamen
478 3895 709 3957 propter
724 3890 1149 3943 vetustissimam
1161 3908 1265 3947 no·

270 3952 549 4006 bilitatem
566 3992 581 4021 ,
630 3966 687 4009 et
719 3968 1005 4011 recentem
1045 3976 1267 4013 memo-

71 4043 83 4057 ·
158 4064 177 4074 ,
274 4022 414 4075 riam
439 4024 615 4095 patris
632 4026 915 4082 absolutus
943 4037 1041 4083 est.
1065 4031 1265 4085 PEYR.

337 4135 448 4188 Illa
472 4136 603 4211 vos]
639 4141 723 4191 Ita
748 4136 860 4195 duo
890 4140 1109 4193 codices
1129 4142 1263 4195 Am·-

272 4202 513 4258 brosiani
540 4206 789 4273 Asconii,
826 4217 883 4265 et
913 4211 1130 4286 aliquot
1154 4226 1261 4268 an·-

1356 1382 1558 1429 statur.
1596 1378 1790 1429 PEYR..
1839 1376 2064 1447 *Volgo
2075 1397 2175 1431 vos
2193 1376 2364 1429 omit-

1358 1443 1518 1497 titur.
1589 1444 1675 1495 ef.
1710 1464 1820 1517 pro
1865 1446 2073 1499 cluent.
2093 1447 2203 1511 68,
2239 1444 2360 1501 194.

1360 1512 1586 1581 nefaria
1605 1527 1739 1565 vota
1768 1516 2132 1583 cognovimus,
2169 1514 2364 1584 quibu-5

1361 1582 1467 1635 illa
1491 1584 1663 1634 eciam
1688 1584 1816 1635 deos
1838 1580 2164 1634 immortalis
2179 1584 2248 1633 de
2263 1601 2364 1635 suo

1326 1662 1331 1665 ·
1360 1650 1566 1703 scelere
1595 1664 1863 1719 testatur,
1898 1649 1958 1702 h.
1987 1664 2038 1702 e.
2066 1656 2237 1701 testes
2269 1648 2364 1701 in·-

1367 1726 1556 1771 vocat.

1435 1872 1766 1942 Rincipatu
1800 1870 2018 1942 patris]
2076 1874 2370 1944 Principa-

1368 1952 1482 2005 tum
1509 1953 1736 1993 senatus
1755 1938 2036 2010 intelligit,
2074 1939 2226 2009 quod
2251 1940 2380 1993 mi-'

1363 2006 1425 2059 hi
1454 2005 1681 2077 quidem
1705 2024 1813 2060 vox
1839 2015 1997 2062 curia
2025 2009 2143 2060 visa
2174 2016 2257 2061 est
2279 2009 2368 2061 in-

1365 2076 1572 2129 dicare.
1639 2080 1774 2128 Erat
1806 2077 1960 2129 enim
1983 2078 2178 2131 Scauri
2203 2078 2372 2130 huius

1363 2153 1543 2214 pater,
1563 2160 1734 2214 quem
1763 2146 1956 2198 Cicero
1987 2146 2256 2213 defendit,
2281 2168 2368 2200 sea

1366 2228 1544 2332 2²32ssss
1563 2216 1854 2333 &3322ss
1890 2216 2074 2353 .ῗὲἓῇ
2113 2216 2370 2347 ⁵6¹1¹1²5²2²⁰2¹23

1408 2352 1614 2402 umenti
1637 2349 1918 2419 principio
1943 2359 2002 2402 et
2025 2350 2098 2401 ad
2110 2355 2151 2403 I.
2177 2352 2226 2419 §
2240 2352 2292 2405 8.
2308 2368 2366 2421 p.

1365 2368 1530 2485 5344
1577 2424 1633 2469 et
1672 2417 1788 2470 loci
1823 2428 1953 2471 sunt
1997 2420 2096 2489 qui
2135 2419 2371 2471 demon-

1368 2493 1550 2538 strent
1595 2485 1840 2553 Sallustii
1884 2487 2135 2557 primum
2181 2488 2239 2540 in
2279 2492 2370 2541 Iu-

1366 2554 1574 2625 gurtha
1613 2554 1702 2625 [c.
1741 2556 1864 2624 25.]
1885 2594 1901 2619 ,
1967 2556 2169 2609 deinde
2206 2556 2370 2610 Plinii

1365 2622 1506 2675 nist.
1548 2632 1664 2675 nat.
1704 2624 1804 2677 lib.
1831 2628 1896 2678 II.
1938 2644 1987 2681 c.
2017 2624 2104 2683 54.
2144 2630 2367 2693 [*sect.

1366 2692 1455 2747 55.
1489 2688 1568 2745 ib.
1599 2690 1697 2745 lib.
1724 2696 1980 2748 XXXVI.
2015 2712 2065 2747 c.
2095 2697 2179 2750 15.
2225 2703 2363 2750 sect.

1363 2759 1454 2815 24.
1482 2761 1530 2829 §.
1559 2763 1610 2815 8.
1628 2762 1690 2831 *]
1729 2762 1940 2816 Valerii
1975 2762 2077 2817 lib.
2103 2766 2191 2817 IV.
2227 2782 2281 2818 c.
2309 2763 2366 2823 4.

1372 2827 1463 2897 [n.
1499 2829 1618 2897 11.]
1661 2840 1945 2899 postremo
1977 2842 2172 2884 autem
2201 2833 2366 2888 Cice-

1366 2896 1522 2948 renis
1585 2914 1772 2967 uoque
1799 2901 1997 2969 ipsiu'33
2035 2902 2103 2953 de
2133 2907 2278 2953 Orat.
2295 2904 2363 2959 n.

1370 2982 1421 3019 c.
1444 2964 1532 3021 47.
1598 2968 1644 3035 §.
1677 2970 1794 3023 197.
1819 2969 1902 3037 f.]
1929 2969 2028 3023 ubi
2055 2971 2125 3023 de
2148 2972 2366 3023 Norba-

1367 3033 1429 3085 ni
1465 3033 1754 3090 seditione.
1857 3042 1954 3091 Est
1990 3046 2181 3093 autem
2223 3039 2282 3096 h.
2321 3040 2364 3095 1.

1362 3105 1714 3175 principatus
1735 3104 1818 3159 sic
1843 3107 2027 3159 dictus
2040 3146 2057 3175 ,
2093 3108 2370 3179 quemad·
2449 3110 2458 3121 ’

1368 3170 1606 3223 modum
1631 3176 1938 3231 tribunatu-5
1969 3187 2070 3229 aut
2109 3180 2367 3233 consula-

1372 3254 1466 3293 tus
1481 3277 1497 3304 ,
1536 3240 1774 3311 dignitas
1809 3244 2074 3298 videlicet
2099 3246 2368 3329 principie

1370 3317 1627 3373 senatus,
1659 3310 1718 3362 in
1749 3329 1860 3381 qua
1898 3314 2129 3385 quidem
2154 3316 2368 3387 signifi-

1370 3377 1594 3430 catione
1605 3378 1757 3433 haud
1769 3381 1886 3435 scio
1896 3402 1985 3451 ,an
1997 3384 2182 3439 nullus
2203 3401 2368 3455 prae-

1368 3454 1528 3499 terea
1549 3446 1708 3501 locus
1749 3460 1926 3504 exstet
1951 3453 2100 3523 apud
2137 3455 2367 3509 Cicero-

1369 3532 1503 3569 nem
1530 3517 1631 3569 ubi
1651 3519 1734 3571 sic
1771 3520 2111 3593 accipiatur3
2160 3540 2364 3595 quem-

1368 3585 1678 3643 admodum
1715 3590 1884 3642 etiam
1923 3596 2203 3646 iudicatus
2236 3590 2366 3644 Phi·

1364 3655 1504 3725 lipp.
1540 3658 1584 3711 Ι.
1625 3658 1678 3713 8.
1723 3658 1803 3731 [5.
1843 3663 1966 3725 20.]
2021 3663 2210 3727 Quid?
2267 3663 2366 3713 isti

1364 3729 1550 3780 ordini
1578 3729 1872 3795 iudicatu-5,
1893 3729 2098 3799 inquit,
2119 3731 2241 3800 Iege
2267 3732 2366 3785 Ita-s

1364 3796 1450 3850 lia
1497 3814 1608 3848 non
1656 3800 1936 3867 patebat?
2003 3798 2150 3849 Nam
2210 3796 2364 3865 apud

1366 3861 1611 3915 Gellium
1636 3864 1866 3933 quidem
1903 3865 2002 3921 lib.
2030 3866 2177 3919 XIV.
2209 3882 2259 3918 c.
2288 3868 2356 3918 Π.

1366 3937 1563 3986 Iar-avi
1591 3936 1727 3987 mihi
1761 3954 1869 3989 non
1900 3936 2122 4006 liquere,
2157 3934 2359 4006 inquit,

1366 4016 1534 4073 atque
1583 4006 1670 4055 ιἰα
1719 4006 1966 4060 iudicatu
2015 4006 2110 4063 illo
2145 4008 2361 4082 solutuq

1364 4090 1500 4125 sum.
1572 4068 1840 4123 Similiter
1879 4078 2216 4129 centuriatus
2253 4090 2358 4144 pro

1366 4143 1702 4197 centurionis
1724 4156 1956 4195 munere
1973 4150 2141 4215 atque
2165 4144 2355 4201 officio

1366 4216 1520 4264 extat
1572 4206 1634 4262 in
1678 4208 2024 4269 orationihus
2084 4230 2192 4283 pro
2229 4211 2356 4281 lege
