2859 4617
503 920 1228 1017 ANGELI
1361 926 1805 1015 ΜΑΙΙ

335 1108 436 1163 DE
469 1109 878 1165 EDITIONE
911 1110 1302 1165 PRINCIPE
1335 1110 1977 1165 MEDIOLANENSI

39 1224 46 1275 ³
167 1245 1323 1324 FRAGMENTORUM
1405 1252 2142 1327 mennoms

751 1416 794 1466 G
811 1416 1317 1470 ΟΜΜΕΝΤΑΤΙ
1333 1418 1563 1471 omis,

118 1760 178 1824 1.
269 1700 516 1819 Editis
573 1750 906 1821 Ciceronis
947 1752 1138 1819 novis
1177 1750 1567 1840 fragmentis
1607 1752 1883 1841 totaque
1927 1750 2202 1841 Europ-‘1

117 1837 377 1902 diffusis
419 1860 620 1903 nemo
657 1839 778 1925 qui
809 1838 1307 1915 contradiceret,
1353 1849 1683 1923 quantum
1722 1858 1843 1924 ego
1874 1839 2009 1903 scio
2025 1885 2047 1917 ,
2089 1860 2202 1903 re-

117 1933 352 2008 pertus
395 1933 512 1987 est.
599 1922 726 1986 Sed
759 1922 912 2007 quia
944 1942 1102 1986 cum
1137 1921 1546 1987 orationibus
1582 1932 1840 2008 septem
1855 1952 1889 2005 ,·
1921 1926 1997 1988 in
2040 1920 2201 1987 Clo-

120 2008 316 2071 dium
353 2004 648 2071 videlicet
686 2016 804 2073 ete.
856 2004 1432 2070 Commentarium
1473 2006 1824 2102 antiquum
1861 2005 2203 2087 coniunxi,

119 2111 330 2173 quem
364 2088 644 2153 Asconio
688 2088 976 2153 Pediano
1006 2087 1236 2153 multis
1266 2100 1675 2174 argumentis
1702 2090 1996 2155 adserere
2019 2091 2203 2154 nisus

117 2194 308 2249 sum3
367 2172 673 2236 adversus
705 2170 874 2235 hanc
916 2172 1306 2258 opinionem
1341 2172 1555 2237 telum
1569 2218 1587 2250 ,
1644 2173 1763 2237 etsi
1807 2173 2008 2260 plane
2044 2174 2203 2237 irri-

117 2267 304 2335 tum,
345 2255 494 2319 iecit
518 2255 620 2321 vir
650 2254 882 2319 doctus
913 2254 1270 2338 Boi-ussus,
1364 2277 1525 2321 uem
1548 2254 1825 2319 honoris
1856 2278 2047 2321 causa
2071 2278 2204 2319 no-

117 2339 310 2402 mino
351 2338 430 2403 B.
466 2336 548 2402 G.
589 2335 1144 2407 Niebuhrius.,-
1183 2372 1271 2385 —
1345 2362 1374 2401 s
1411 2338 1485 2401 in
1510 2336 1919 2423 praefatione
1944 2338 2207 2402 Beroli-

117 2420 340 2487 nensis
382 2442 534 2485 suae
573 2418 1164 2485 frontonianorum
1201 2440 1492 2507 operum
1525 2420 1821 2484 editionis
1856 2418 1929 2514 1)
1976 2421 2097 2497 ait,
2140 2442 2211 2483 se

120 2525 202 2569 cx
248 2504 421 2567 meis
465 2503 726 2589 scriptis
769 2502 1198 2588 comperisse,
1244 2500 1326 2565 ad
1356 2502 1647 2567 codicem
1679 2502 1921 2587 synodi
1951 2500 2209 2567 chalce·

120 2586 433 2652 donensis
472 2586 953 2652 conficiendum
997 2584 1316 2649 adhibitas
1359 2608 1495 2660 esse
1532 2598 1683 2651 tum
1717 2584 2004 2650 aliorum
2028 2598 2209 2651 vete-

118 2692 283 2735 rum
327 2668 778 2748 membranas,
820 2678 974 2733 tum
1000 2669 1196 2733 etiam
1225 2666 1613 2758 Interpretis
1642 2680 1790 2733 octo
1822 2670 2207 2735 orationum

120 2752 484 2833 Ciceronis.
523 2787 610 2801 —
652 2752 778 2816 Sed
817 2752 1018 2838 paulo
1050 2751 1236 2816 aliter
1263 2774 1467 2837 quam
1496 2763 1593 2816 est
1617 2776 1656 2815 a
1680 2776 1792 2817 me
1816 2753 2072 2824 dictum
2096 2754 2207 2818 lo-

123 2840 361 2924 quitur
399 2834 479 2899 cl.
519 2834 947 2902 Niebuhrius.
1032 2835 1286 2901 Scilicet
1319 2836 1392 2903 in
1417 2834 1940 2900 chalcedonensis
1966 2836 2208 2922 synodi

123 2922 349 2987 codice
412 2928 510 2983 est
613 2918 836 2983 uidem
875 2916 1212 3003 Interpres
1245 2929 1502 3005 septem
1542 2916 1750 2982 Tquii
1790 2919 2209 2996 orationum3

121 3024 366 3069 verum
393 2998 567 3066 Scho
619 3012 782 3064 astes
811 3012 1103 3075 octavae,
1147 3001 1216 3067 id
1243 3011 1341 3064 est
1365 3000 1757 3065 Scaurianae
1772 3046 1792 3079 ,
1832 3002 1905 3063 in
1936 3002 2063 3065 alio
2089 3023 2209 3064 co-

123 3088 264 3153 dice
312 3084 626 3151 occurrit:
732 3084 870 3147 uod
915 3094 979 3145 et
1020 3082 1360 3167 diligenter
1395 3093 1680 3169 propter
1715 3104 1791 3146 ea
1818 3102 1985 3165 quae
2022 3084 2212 3145 dein-

125 3194 276 3258 ceps
317 3168 530 3233 dicam
569 3105 850 3337 {nigiligi
876 3164 1068 3245 volo,
1113 3177 1178 3231 et
1205 3188 1242 3230 a
1273 3186 1384 3233 me
1411 3162 1719 3255 pluribus
1752 3162 1967 3233 verbis
1994 3163 2213 3229 decla-

123 3266 354 3325 ratam
391 3264 485 3317 est
510 3262 552 3320 2
715 3283 722 3289 ·
986 3311 992 3317 .

299 3429 366 3488 2.
452 3417 751 3485 Iamvero
785 3418 865 3483 de
897 3416 1281 3507 Interprete‚
1317 3439 1521 3505 quem
1550 3438 1669 3503 ego
1698 3416 2059 3483 Asconium
2082 3427 2215 3485 eSse

126 3507 443 3605 opinatus
466 3524 650 3582 sum,
695 3504 918 3590 pergit
940 3502 1340 3569 Niebuhrius
1369 3502 1582 3567 dicere
1612 3500 1725 3589 3)=
1780 3498 1917 3567 Hic
1946 3501 2214 3569 Cicero-

129 3612 384 3655 alana-3
420 3586 771 3673 Inter-pres
815 3589 1059 3674 magni
1102 3612 1266 3653 sane
1302 3588 1512 3675 pretii
1538 3598 1635 3651 est
1668 3598 1733 3651 et
1764 3584 2027 3668 doctus,
2077 3611 2211 3651 non

131 3684 370 3742 tamen
409 3683 508 3738 eet
534 3670 899 3752 Asconius,
944 3668 1275 3738 sedidem
1301 3673 1416 3760 qui
1442 3673 1519 3736 in
1552 3668 1636 3735 V
1628 3672 1896 3736 err-inas
1926 3670 2215 3755 scripsit,

205 3859 272 3925 1)
310 3857 436 3927 pag.
466 3856 721 3911 XXXIV.
1293 3854 1362 3920 3)
1396 3852 1634 3905 Praefat.
1692 3851 1763 3903 ad
1828 3854 2096 3903 Fronton.
2202 3888 2215 3903 .

1224 3921 1481 3973 XXXIV.
1506 3937 1561 3973 n.
1586 3927 1638 3978 4.
1686 3918 1827 3971 MAI.
1899 3927 1929 3959 Φ
1950 3919 2029 3969 Cf.
2058 3868 2219 3969 orei)-

200 3995 269 4058 2)
310 3994 458 4063 Lege
533 3990 801 4061 principis
872 3988 1125 4042 editionis
1224 3988 1330 4041 lius
1355 4006 1580 4041 excursu
1606 3991 1711 4039 XI.
1742 3985 1814 4037 ad
1841 4008 1917 4039 or.
1943 4002 2042 4058 pro
2057 3989 2219 4039 Plan-

133 4062 547 4130 praefationem
587 4060 828 4129 primam
876 4074 1001 4127 cap.
1035 4058 1123 4113 VI.
1231 4061 1346 4121 cio,
1393 4054 1490 4123 qui
1514 4054 1693 4133 quinti
1718 4053 1808 4104 vel
1847 4054 1985 4106 sexti
2014 4055 2219 4109 saeculi
2252 4102 2259 4111 .

140 4131 386 4182 alterum
416 4145 542 4197 cap.
573 4130 641 4183 11.
672 4132 760 4181 111.
788 4129 933 4185 XIV.
1233 4124 1677 4178 Grammaticum
1704 4132 1906 4179 censet.
