2859 4617
715 336 768 403 F
765 336 1473 407 RAGMENTORUM
1514 338 1673 407 Clc.
2124 354 2249 403 ΜΠ

177 526 228 567 c.
261 504 350 570 X.
385 506 568 591 quod
593 508 878 571 occurrit
925 508 1075 589 [*le
1141 507 1344 591 ‘tm-*J
1390 520 1456 573 et
1484 506 1662 595 apud
1695 507 2047 573 Asconium
2080 506 2164 571 ad
2197 506 2251 571 Ι.

173 610 301 673 pro
353 590 618 655 Cornel.
663 602 818 677 post
860 614 921 656 v.
960 532 1150 655 CX?
1175 593 1336 659 etin
1373 594 1594 657 Pison.
1627 594 1768 679 cap.
1796 592 1982 660 XIX.
2065 592 2251 655 Adde

172 666 241 737 τό
291 668 398 755 [Ῠ]
444 676 594 740 vult
637 676 931 761 intelligi
951 676 1022 738 in
1053 674 1262 741 schol.
1296 678 1378 739 ad
1406 700 1507 741 or.
1532 676 1619 741 de
1644 699 1806 763 rege
1828 676 2251 741 Alexandri-

169 778 258 819 no
283 756 369 822 ΙΙ.
403 766 500 838 2.,
547 760 734 845 quod
771 760 932 821 item
979 770 1074 823 est
1104 760 1287 847 apud
1305 761 1669 825 Asconimn
1698 759 1778 824 ad
1814 772 1976 823 orat.
2002 760 2073 821 in
2095 769 2251 844 toga

168 841 350 906 caud.
385 843 551 907 circa
581 842 886 906 medium
925 844 1028 930 [p.
1050 851 1193 913 214.
1230 845 1327 909 ed.
1355 844 1620 908 Schiitz.
1640 846 1687 925 ].
1729 842 1913 906 Adde
1944 844 2029 908 de
2052 842 2250 928 lega*-

165 924 456 989 tionilms
487 950 627 1015 per
669 927 968 992 consules
1003 929 1342 993 ordinatis
1391 928 1463 991 in
1501 927 1706 991 schol.
1754 936 1817 995 2.
1860 926 1944 990 ad
1981 949 2076 990 or.
2171 948 2252 989 ro

165 1006 456 1075 Plancio
487 1033 538 1073 c.
563 1008 744 1073 XIII.
802 1011 982 1095 quod
1024 1011 1256 1077 confer
1292 1034 1449 1077 cum
1488 1012 1772 1076 Asconio
1816 1010 1897 1075 ad
1943 1008 2055 1073 lib.
2122 1054 2136 1070 .
2178 1008 2249 1070 in

165 1092 358 1157 Verr.
406 1116 552 1179 cap.
589 1094 877 1159 XXXV.
964 1096 1146 1159 Adde
1191 1096 1474 1193 denique
1508 1096 1830 1191 quidquid
1871 1112 2249 1179 congruen-

1127 518 1136 527 ο

161 1174 414 1239 tim-um
442 1178 546 1242 vel
575 1177 843 1263 diligens
874 1180 976 1246 vel
1001 1180 1250 1245 otiosus
1287 1192 1548 1245 criticus
1582 1178 1761 1243 facili
1792 1181 2057 1265 negotio
2091 1199 2248 1240 coa-

163 1279 428 1325 cervare
452 1272 674 1347 potest
701 1269 778 1329 15
793 1262 840 1347 ).
928 1264 1222 1329 Omnino
1245 1264 1455 1349 igitur
1472 1262 1652 1327 hunc
1672 1262 2116 1351 Interpretem
2140 1258 2245 1327 vel

230 1443 330 1508 15)
345 1442 654 1495 *Addamus
666 1444 840 1515 igitur
855 1462 900 1499 e.
916 1464 998 1517 gr.
1009 1448 1156 1499 hanc

153 1509 619 1561 observationem
635 1548 651 1577 ‚
715 1514 866 1581 quod
922 1524 1048 1565 uter
1085 1532 1158 1565 ue

149 1578 447 1647 interpres
473 1584 826 1633 attractionis
857 1580 1039 1651 figura
1104 1599 1160 1632 e·
2214 1649 2217 1651 v

745 1652 810 1703 V.
859 1657 1048 1703 annot.
1087 1649 1162 1701 ad
1261 1664 1358 1699 rae
1403 1646 1699 1699 officerent
1738 1646 1996 1709 lectioni,
2066 1645 2249 1696 cuius-

151 1644 370 1695 lectari
411 1644 642 1700 videtur.

154 1716 332 1767 schol.
362 1732 440 1766 or.
470 1718 532 1767 in
573 1719 718 1769 clod.
746 1720 836 1772 III.
866 1719 916 1771 3.
971 1728 1156 1787 οόηιΡ.

155 1798 299 1832 cum
344 1791 534 1834 annot.
565 1786 610 1837 1.
647 1784 718 1836 ad
751 1789 950 1839 Ascon.
993 1786 1048 1837 in
1078 1808 1156 1841 or.

147 1871 259 1921 pro
289 1856 366 1902 M.
381 1854 588 1904 Scauro
611 1854 653 1905 Ῑ.
682 1857 728 1919 1,
751 1856 801 1907 b.
833 1864 890 1905 et
917 1858 1152 1917 addend.

155 1936 212 1987 p.
229 1920 358 1973 280.
408 1920 697 1973 Diversum
712 1930 903 1975 tamen
926 1923 986 1973 in
1011 1924 1152 1975 lem-

153 1988 327 2039 matis
385 1990 740 2058 excerpendis
796 1992 1154 2044 consuetudi-

153 2072 295 2106 nem
327 2055 396 2105 ab
427 2072 521 2122 ea,
565 2075 732 2127 quam
765 2061 1030 2112 Asconius
1055 2076 1151 2112 se-

155 2124 380 2192 quitur,
447 2124 639 2177 videor
679 2127 1150 2182 animadvertisse.

153 2195 416 2261 Namque
437 2194 584 2261 apud
601 2197 901 2248 Asconium
924 2214 954 2248 e
982 2198 1152 2249 Tullii

152 2261 506 2315 orationibus
538 2263 782 2334 integras
801 2265 923 2317 fere
961 2281 1150 2317 excer-

153 2338 284 2397 ptas
323 2328 591 2383 hahemus
629 2334 948 2385 sententias.
1011 2338 1150 2385 Am-

148 2396 450 2449 brosianus
476 2407 665 2451 autem
701 2400 997 2453 scholiasta
1023 2402 1152 2453 bre·—

151 2467 339 2517 viores
363 2474 582 2521 tantum
595 2468 816 2520 rettulit
834 2470 1151 2536 sententias,

151 2534 442 2609 longiores
463 2534 522 2585 in
546 2536 760 2590 minuta
781 2538 1020 2589 frustula
1045 2538 1154 2589 dis-

154 2603 463 2671 cerpsit,ut
489 2604 574 2655 vix
601 2620 665 2656 ex
686 2606 1152 2676 interpretatione

147 2672 392 2723 demum
417 2674 726 2739 suspicere,
763 2676 898 2745 quid
925 2674 996 2730 ab
1026 2692 1152 2727 ora·

154 2750 286 2793 tore
325 2740 540 2791 dictum
577 2742 762 2797 fuerit.
829 2743 994 2807 Quod
1020 2760 1154 2797 cum

155 2810 330 2861 etiam
369 2810 426 2859 in
460 2811 871 2863 commentariis
911 2811 984 2863 ad
1016 2829 1150 2864 ora-

153 2879 341 2932 tiones
387 2879 648 2931 Verrinas
682 2896 838 2931 secus
875 2897 1046 2949 quam
1089 2881 1151 2931 in

158 2946 365 2999 ceteris
404 2963 508 2997 usu
546 2949 790 3014 venerit,
823 2948 948 2999 hoc.
967 2948 1152 3015 ipsum

153 3016 516 3082 peritissumo
539 3015 732 3093 utique
773 3016 1154 3067 existumatori

151 3084 465 3135 Niebuhrio
505 3100 600 3133 sus.
635 3083 878 3135 icionem
915 3082 1150 3138 movisse

153 3153 410 3216 videtur,
461 3160 528 3203 ut
568 3150 698 3203 ilos
734 3166 959 3219 quoque
995 3167 1150 3206 com-

153 3220 464 3273 mentarios
486 3221 724 3272 Asconio
763 3220 1001 3271 Pediano
1045 3218 1148 3271 ab·

155 3290 458 3353 iudicaret,
507 3289 781 3357 tribueret
813 3289 952 3341 Maii.
974 3287 1148 3341 clien-

155 3360 199 3409 ti
255 3358 622 3411 Ambrosiam
677 3368 735 3411 et
777 3358 982 3409 Patavii
1038 3356 1148 3410 civi

155 3426 484 3495 ascriptitio.
519 3426 800 3478 Addamus
814 3427 996 3479 adhuc
1012 3428 1147 3495 Pey-

152 3494 310 3547 ronis
337 3496 408 3549 de
437 3494 522 3545 his
563 3496 786 3547 scholiis
813 3496 1145 3547 sententiam

154 3564 362 3633 oppido
407 3563 772 3633 probabilem.
843 3564 948 3615 Hic
985 3566 1050 3616 V.
1081 3567 1145 3615 D.

153 3650 208 3701 p.
223 3634 345 3687 231.
375 3633 617 3684 e'vacuis
639 3631 845 3701 spatiis,
856 3650 1000 3701 quae
1023 3650 1147 3701 pas·

152 3702 258 3753 sim
297 3700 658 3753 offenduntur
695 3702 754 3751 in
787 3702 980 3752 codice
1008 3706 1145 3751 Am-

152 3770 416 3822 brosiano
445 3775 816 3838 (quamquam
832 3790 1009 3820 vacua
1027 3769 1144 3837 qui·

153 3838 287 3890 dem
312 3842 501 3909 spatia
539 3852 720 3905 neque
748 3838 1021 3905 offendere·
1047 3852 1144 3887 ne-

157 3924 267 3975 que
296 3910 500 3977 offendi
510 3922 672 3973 posse
695 3905 1144 3968 existumarem),

157 3975 389 4027 coniicit
433 3974 618 4041 '„‚hoc
675 3970 1145 4025 commentarium

159 4045 495 4112 exscriptum
527 4042 700 4095 fuisse
737 4058 804 4093 ex
833 4038 1143 4092 adnotatio·

157 4114 336 4181 nibus,
355 4129 490 4181 quas
515 4112 602 4163 ‚vir
625 4110 869 4162 eruditus
893 4109 952 4162 in
977 4122 1142 4159 usum

157 4197 320 4237 suum
357 4180 450 4233 vel
480 4180 540 4232 in
583 4178 898 4249 adversaria
936 4175 1144 4231 retule-

1256 1456 1378 1513 rat,
1446 1448 1537 1499 vel
1584 1464 1715 1499 orae
1761 1444 1969 1498 codicis
2003 1442 2250 1496 Tulliani

1261 1516 1573 1579 adstiterat,
1608 1514 1706 1563 sed
1742 1514 1894 1563 male
1925 1510 2249 1563 conscrihil-

1259 1580 1386 1631 latis
1402 1617 1418 1645 ,
1453 1580 1512 1631 in
1538 1580 1735 1647 quibus
1766 1581 2085 1646 frequentes
2116 1577 2248 1627 litu-

1259 1716 1418 1769 modi
1454 1732 1569 1769 esse
1602 1716 1744 1767 solet
1779 1714 2027 1783 primum
2067 1729 2100 1765 o
2142 1712 2250 1763 eris

1259 1792 1545 1835 tentamen
1574 1784 1842 1849 offusum,
1879 1782 1960 1833 uti
1988 1782 2077 1849 fit,
2138 1780 2249 1831 itu-

1253 1852 1347 1920 τίς,
1377 1849 1871 1917 emendationibus,
1900 1850 2247 1902 additamen-

1249 1922 1324 1972 tis
1347 1937 1762 1991 quaquaversus
1789 1920 2039 1973 exaratis.
2099 1919 2246 1971 Cum

1250 1990 1491 2059 itaque“
1538 1991 1685 2057 (ait)
1736 1989 2048 2057 „librarius
2093 2004 2245 2109 ffl-

1253 2076 1449 2111 carum
1479 2059 1801 2111 >litterarum
1846 2058 2018 2111 homo
2056 2074 2091 2109 o
2210 2084 2243 2095 -

1251 2126 1419 2179 disset
1442 2128 1757 2179 huiusmodi
1782 2125 2245 2198 exemplar,hunc

1252 2196 1500 2247 confecit
1528 2196 1809 2263 codicem,
1842 2196 1900 2245 in
1926 2212 2037 2263 quo
2065 2192 2244 2243 multa

1251 2274 1439 2315 errata
1482 2265 1703 2315 admisit
1746 2264 1834 2315 vel
1875 2265 1932 2313 in
1982 2260 2242 2313 'rulliano

1248 2340 1408 2383 textu
1429 2331 1815 2399 proponendo,
1848 2331 2001 2399 quod
2024 2346 2091 2381 ex
2118 2344 2245 2381 ora-

1249 2398 1495 2450 tionibus
1531 2415 1638 2467 pro
1676 2398 1904 2463 Archia,
1952 2396 2133 2465 sylla,
2184 2402 2243 2447 et

1250 2467 1476 2520 Plancio
1504 2466 1675 2519 facile
1708 2474 1924 2518 constat
1933 2487 1948 2533 3
1986 2464 2243 2516 ordinem

1251 2544 1505 2590 textuum
1538 2536 1913 2605 perturbavit,
1966 2534 2049 2585 uti
2092 2532 2241 2603 quis-

1253 2620 1362 2674 que
1395 2605 1547 2656 videt
1585 2622 1695 2673 pro¹
1734 2602 1955 2655 Plancio
1984 2603 2240 2655 XXXIV.

1251 2676 1299 2729 1.
1329 2677 1388 2725 et
1407 2674 1662 2725 XXXIV.
1690 2676 1775 2739 2.;
1810 2672 2041 2724 tandem
2068 2672 2241 2741 [¹*de-

1249 2744 1491 2815 nique*]
1553 2742 1745 2795 multis
1803 2742 1993 2794 vacuis
2050 2738 2241 2809 spatiis

1250 2818 1481 2862 testatus
1512 2820 1610 2878 est,
1624 2828 1684 2863 se
1709 2812 2087 2863 continentem
2116 2822 2240 2860 ora-

1249 2878 1416 2931 tionis
1442 2881 1646 2933 seriem
1684 2879 1832 2933 haud
1871 2878 2116 2947 potuisse
2148 2892 2241 2929 ex-

1249 2947 1469 3014 piscare
1512 2951 1581 3009 [*
1600 2948 1787 3015 -riss
1820 2948 1881 2999 in
1904 2946 2239 2999 scholiastae

1249 3015 1621 3083 autographo.
1710 3019 1865 3077 Quae
1914 3013 2241 3064 coniectura

1249 3098 1318 3131 eo
1359 3090 1607 3149 spectat,
1642 3090 1707 3131 ut
1740 3082 1974 3131 dubium
2014 3078 2240 3129 eruditis

1247 3148 1489 3201 eximam
1504 3186 1521 3213 ‚
1554 3157 1747 3201 utrum
1778 3157 1865 3199 tot
1898 3147 2121 3199 veniant
2144 3147 2252 3196 in-'

1248 3217 1519 3270 serendae
1560 3232 1755 3283 voces,
1803 3224 1941 3287 quot
1966 3214 2245 3282 recipien-

1249 3286 1332 3340 dis
1359 3303 1466 3355 par
1492 3284 1563 3337 sit
1586 3302 1827 3340 vacuum
1854 3284 2109 3353 spatium.
2145 3287 2242 3335 Sa-

1246 3372 1318 3409 ne
1343 3355 1420 3409 cl.
1454 3354 1647 3407 Editor
1670 3356 1880 3424 optima
1904 3352 2241 3423 quandoque

1250 3424 1590 3477 divinatione
1618 3424 1845 3477 lacunas
1868 3423 2144 3493 supplevit
2166 3440 2237 3477 eo

1247 3494 1565 3545 litterarum
1594 3510 1861 3557 numeru,
1908 3509 2077 3561 quem
2120 3510 2238 3545 non

1246 3563 1571 3615 admitteret
1594 3580 1835 3615 vacuum
1855 3561 2093 3613 schedae
2109 3577 2238 3629 spa-

1245 3630 1465 3687 tiolum.
1542 3631 1631 3684 Sic
1668 3632 1727 3681 in
1766 3646 1891 3699 pag.
1920 3632 2165 3683 LXXVI.

1402 3703 1531 3728 ****
1558 3701 2173 3754 NEQVEROILLAM

1246 3772 1665 3825 NEFAIUAM
1697 3772 1933 3819 LIBER
1942 3771 2036 3819 TA
2044 3769 2207 3817 TEM

1816 3836 2200 3885 LEGISME‘·

1248 3903 2189 3964 TIOFITINORATIONEQUAE

1241 3975 1354 4025 HA
1364 3970 2133 4031 BITAESTPROMILONE

1243 4037 1344 4091 Vir
1407 4036 1549 4089 Clar.
1611 4036 1697 4085 his
1752 4034 1932 4085 verbis
1978 4036 2235 4107 suffragii

1205 4160 1211 4167 .
1240 4107 1451 4159 scilicet
1492 4105 1865 4157 libertinorum
1910 4108 2062 4159 cqus
2104 4122 2234 4171 sup-

1227 4174 1360 4245 ,plet
1383 4190 1625 4229 vacuum
1650 4172 1889 4243 spatium
1907 4181 2034 4225 ante
2060 4176 2232 4227 verba
