2859 4617
548 348 681 413 288
1049 334 1464 409 ADDENDA
1505 334 1627 404 ET
1667 332 2142 405 EXCURSUS

550 510 913 579 addebatur
953 506 1077 577 IN
1104 508 1308 575 Hoc
1340 504 1622 577 ANN'O
1661 520 1726 571 et
1767 506 1952 594 quod
1989 505 2310 571 iudicium
2361 507 2440 573 'in
2474 512 2666 577 ani-

546 620 825 663 versam
832 593 1202 687 familiam
1231 594 1532 677 dabatur,
1575 591 2450 679 interpretandoremovere
2477 604 2660 660 ten-

545 682 831 750 tavimus
860 704 929 769 p.
956 689 1018 749 2.
1056 692 1121 745 et
1151 678 1229 743 ad
1260 678 1321 761 §.
1350 686 1458 747 41.
1486 700 1557 766 p.
1589 682 1695 749 55.
1727 701 1784 742 a.
1863 676 1991 739 Sed
2013 674 2134 738 alia
2171 698 2244 739 ea
2289 698 2382 741 ue
2411 679 2658 745 maior

542 776 845 831 remanet
882 764 1345 829 dissimilitudo
1393 764 1468 827 in
1503 783 1659 826 exce
1710 763 1893 826 tione
1933 760 2036 825 SI
2069 758 2234 825 INI
2299 758 2480 829 RIA
2493 809 2512 841 ,
2555 778 2654 831 ut

544 850 1039 915 observavimus
1076 850 1159 913 ad
1182 849 1248 931 §.
1278 854 1384 917 41.
1418 870 1494 935 p.
1519 850 1625 917 55.
1695 846 1904 911 'aium
1949 866 2224 932 quoque
2261 868 2644 933 possumus

544 934 853 999 adhibere
895 946 1270 1011 auctorem,
1312 934 1439 997 nisi
1469 930 1646 995 forte
1677 952 1820 994 non
1855 930 2108 994 nemini
2137 928 2483 997 videamur
2515 956 2638 997 ar-

543 1019 763 1105 gutari
806 1030 1155 1119 tamquam
1196 1036 1423 1082 veram
1469 1014 1859 1079 sententiam
1912 1016 2086 1077 inter
2135 1026 2414 1079 retantes
2499 1042 2630 1081 uo·-

541 1102 848 1169 rumdam
880 1104 1267 1190 opinionem
1298 1102 1369 1165 in
1400 1103 1590 1165 instt.
1623 1111 2064 1166 commentar.
2127 1100 2204 1164 V.
2237 1098 2297 1181 §.
2317 1108 2369 1168 8.
2481 1124 2622 1166 oe-

490 1222 497 1227 -
540 1210 743 1251 nam
784 1200 813 1251 t
830 1199 1034 1252 anta
1051 1210 1123 1250 m
1164 1187 1625 1275 consequimur
1667 1210 1713 1248 a
1731 1184 1781 1248 d
1825 1186 1908 1266 [e
1938 1183 2096 1248 vesti
2143 1182 2220 1247 iis
2246 1184 2603 1249 litterarum

540 1282 628 1345 etl
668 1271 737 1333 in
766 1270 910 1334 eod.
953 1270 1189 1335 malim
1229 1270 1706 1350 secandum,
1799 1268 1936 1333 uod
1976 1206 2377 1332 scrifiebatux
2411 1269 2609 1347 8e7d=

422 1361 437 1373 “
536 1374 599 1419 v.
628 1354 925 1421 indicem
962 1355 1301 1443 siglamm
1340 1357 1415 1420 in
1460 1354 1630 1419 Gaii
1664 1378 1741 1418 co
1794 1395 1809 1414 .
1853 1376 1922 1441 p.
1957 1350 2394 1417 CXXXVIII.
2437 1364 2618 1423 extr.

540 1437 621 1502 cl.
716 1484 734 1502 .
765 1438 1024 1504 LXXX
1036 1438 1137 1505 VI.
1180 1440 1275 1505 ed.
1310 1442 1413 1523 1.]
1455 1438 1886 1529 quorundam
1924 1439 2312 1525 opinionem
2354 1439 2624 1505 actione

536 1523 627 1587 vi
662 1462 1070 1595 {onor-um
1113 1548 1268 1613 rap
1288 1538 1600 1591 torum.-
1655 1548 1824 1589 nam
1875 1524 2087 1610 ipsius
2130 1524 2236 1588 rei
2281 1534 2348 1587 et
2373 1522 2620 1587 ‘vindi-

536 1611 717 1673 catio
739 1622 805 1674 et
834 1610 1173 1675 condictio
1192 1610 1385 1675 nobis
1412 1610 1726 1697 competit
1735 1634 1759 1688 ,-
1815 1608 1896 1671 cl.
1925 1608 2013 1672 ib.
2045 1606 2105 1689 §.
2133 1614 2194 1674 9.
2240 1604 2436 1672 Rem
2474 1632 2619 1672 ve·
2735 1650 2740 1657 -

535 1714 634 1757 ro
677 1706 761 1759 et
786 1718 1163 1783 Poenam
1216 1694 1684 1783 persequimur
1718 1693 1900 1758 velut
1945 1716 2026 1757 ex
2067 1692 2174 1757 liis
2215 1694 2470 1772 canai-3,
2539 1718 2622 1757 ex

534 1776 765 1864 quibu-3
810 1779 1143 1845 adversus
1185 1776 1606 1866 infitiantem
1641 1778 1716 1841 in
1759 1777 2042 1878 qluplwn
2067 1776 2375 1863 agimm:
2435 1779 2622 1873 qaod

400 1913 405 1918 .
528 1862 788 1925 *accidit
811 1886 942 1948 per
973 1865 1309 1928 actionem
1349 1898 1423 1910 —·-
1475 1862 1720 1927 damni
1761 1884 1848 1927 ιη
1863 1862 1889 1925 ἰ
1901 1886 2034 1926 urz
2048 1886 2093 1925 a
2108 1886 2180 1925 e.-
2221 1860 2341 1924 ubi
2371 1884 2616 1947 corrig.

530 1944 833 2025 iniurid‚·
856 1948 1016 2011 item
1065 1968 1149 2010 ue
1174 1948 1246 2009 in
1272 1945 1507 2014 Iustin.
1539 1946 1785 2011 institt.
1811 1942 1926 2009 IV.
1957 1953 2018 2013 6.
2047 1945 2176 2033 (de
2205 1942 2380 2032 act.)
2411 1945 2470 2029 §.
2505 1954 2614 2015 23.

528 2035 636 2096 26.
680 2030 780 2093 tit.
815 2037 912 2097 16.
956 1968 1085 2117 (tile
1118 2054 1355 2119 poena
1394 2042 1644 2096 temere
1685 2028 1900 2118 litig.)
1931 2029 1990 2113 §.
2026 2038 2083 2097 1.
2169 2030 2276 2094 Ad
2311 2030 2618 2117 Aquiliae

528 2123 752 2177 autem
799 2114 861 2179 le
905 2116 959 2179 is
1022 2116 1538 2187 similitudinem.
1584 2116 1782 2179 etiam
1825 2136 1911 2178 ex
1949 2112 2296 2179 interdicto
2344 2116 2618 2180 Luculli

524 2196 645 2261 'DE
686 2198 803 2262 DA
945 2200 1004 2263 O
1048 2210 1165 2265 etc.
1212 2212 1397 2265 actor
1439 2212 1502 2265 et
1541 2222 1688 2265 rem
1735 2197 1893 2287 (np.
1923 2198 2287 2287 simplum)
2333 2211 2398 2263 et
2439 2212 2613 2287 poe-

522 2302 686 2346 nam
730 2284 953 2371 (tripli
1011 2286 1330 2373 nempe),
1391 2308 1532 2349 non
1569 2306 1860 2373 poenam
1907 2293 2180 2348 tantum
2220 2296 2611 2349 consecutus

527 2386 665 2431 esse
698 2369 1055 2433 censendus
1086 2382 1200 2450 est,
1244 2392 1491 2458 nempe
1561 2368 1996 2457 uadruplum.

534 2476 543 2482 ·
695 2452 1009 2518 Ceterum
1046 2455 1464 2541 iniquitatem
1508 2394 1694 2518 iilam
1745 2466 1940 2539 atque
1979 2453 2312 2518 audaciam
2329 2500 2349 2532 ,
2439 2475 2610 2540 quae

519 2533 722 2599 huius
760 2537 1089 2602 interdicti
1117 2560 1305 2602 causa
1332 2538 1494 2617 fuit,
1538 2551 1617 2601 ut
1658 2560 1804 2602 rem
1829 2538 2318 2624 frequentatam
2345 2550 2409 2603 et
2440 2562 2606 2625 per-

516 2631 822 2705 vagatam
860 2634 1193 2687 memorat
1232 2622 1448 2686 adhuc
1474 2624 1550 2685 L.
1585 2623 1827 2687 Seneca
1871 2623 1958 2687 de
2000 2623 2185 2688 hrev.
2219 2625 2410 2689 vitae
2451 2646 2501 2687 c.
2535 2634 2603 2692 8.

518 2703 831 2769 Praedia
859 2730 985 2769 aaa
1028 2708 1348 2793 occupari
1380 2732 1428 2771 a
1457 2702 1646 2772 nullo
1672 2709 2046 2795 patiuntur
2057 2735 2090 2771 .·-
2121 2720 2224 2789 et,
2267 2710 2329 2772 si
2353 2710 2600 2795 exigna

454 2879 459 2885 .
518 2790 857 2853 contentio
883 2802 982 2855 est
1008 2789 1093 2857 de
1119 2791 1325 2857 modo
1350 2789 1642 2882 finium,
1687 2792 1784 2859 ad
1822 2793 2091 2881 lapidee
2120 2804 2186 2859 et
2217 2814 2420 2859 arma
2453 2794 2600 2857 die·-

516 2886 818 2939 currunt.

688 2957 887 3037 Quod
932 2971 1149 3035 autem
1199 2960 1496 3025 Savinius
1551 2960 1814 3026 videtur
1856 2962 2154 3026 statuisse
2192 2962 2265 3024 in
2283 2950 2599 3026 *eiusdem

513 3038 666 3106 libri
686 3043 815 3109 vol.
846 3043 961 3108 III.
1008 3044 1163 3117 fasc.
1195 3044 1307 3109 III.
1346 3048 1512 3134 disp.
1542 3046 1756 3110 XVII.
1804 3047 1968 3111 iiber
1997 3048 2108 3111 die
2137 3046 2222 3111 lis
2245 3046 2596 3111 vindicia-

511 3150 668 3191 rum
702 3129 849 3193 und
883 3130 1047 3213 iiber
1072 3132 1203 3195 dae
1228 3131 1311 3195 V
1304 3132 1671 3196 erlzaltniss
1703 3132 2051 3197 der-selben
2083 3156 2166 3197 za
2199 3132 2334 3196 den
2361 3132 2589 3195 Inter-

512 3210 739 3278 dicten
770 3236 841 3299 p.
870 3222 1039 3295 427„
1066 3214 1268 3279 fuisse
1294 3238 1516 3278 unum
1543 3226 1805 3279 tantum
1837 3216 2276 3282 inter-dicaam
2303 3215 2448 3281 DE
2471 3213 2596 3278 VI

512 3291 679 3382 (pro
716 3298 941 3363 Tullio
964 3298 1024 3381 §.
1052 3298 1233 3385 44.)‚
1331 3300 1474 3363 uod
1489 3322 1631 3385 pro
1674 3298 1867 3366 Caec.
1903 3310 1978 3369 31
2002 3348 2019 3376 ‚
2051 3308 2153 3368 91.
2200 3302 2437 3365 dicitur
2464 3299 2571 3391 iti-3-

508 3381 901 3461 terdictum,
972 3382 1253 3449 UNDE
1346 3385 1554 3452 LLE
1597 3386 1740 3450 ME
1799 3384 1884 3449 V
1873 3388 1927 3451 I
1966 3384 2334 3452 DEIECI
2333 3386 2423 3461 T,
2475 3401 2577 3445 cm

506 3474 799 3551 propter
828 3464 1137 3530 facinoris
1182 3469 1592 3535 atrocitatem
1623 3470 1961 3533 interdum
1991 3470 2240 3556 aliquid
2285 3470 2584 3535 additum

505 3559 687 3626 esset,
714 3570 848 3634 quo
875 3550 1029 3637 plus
1060 3551 1329 3615 daretur
1358 3554 1561 3617 actori
1587 3554 1657 3617 in
1685 3576 1902 3631 reum,
1936 3568 1998 3619 et
2023 3566 2184 3619 tunc
2213 3556 2389 3618 idem
2420 3550 2586 3615 illud

488 3634 585 3721 ap
640 3632 913 3697 ellatum
967 3658 1101 3732 esse
1140 3636 1576 3702 interdictum
1635 3638 1780 3705 DE
1847 3639 1932 3703 V
1923 3640 1975 3704 I
2021 3637 2460 3705 HOMINIB
2471 3636 2542 3701 U
2538 3636 2592 3699 S

498 3719 573 3785 A
784 3719 942 3785 TIS
957 3716 1069 3807 (1b.
1084 3728 1146 3796 8,
1162 3720 1297 3807 23.)
1314 3744 1373 3788 v.
1395 3722 1542 3789 DE
1560 3722 2004 3821 ARMATIS
2021 3722 2459 3791 HOMINIB
2471 3718 2590 3786 US

500 3806 657 3883 (²⁴31,
694 3806 844 3887 91.)
884 3824 957 3904 v..
988 3802 1135 3905 DE
1184 3804 1312 3872 VI
1340 3804 1758 3875 ARMATA
1801 3806 1910 3895 (m
1945 3808 2092 3907 .⁷⁶’)’
2160 3831 2244 3873 ex
2281 3830 2418 3894 quo
2461 3828 2584 3901 na-

483 3891 2127 4072 -{Zssssfflrissssss‘ip'ssrbssssffli'inr352?ssYgfeiiiti‘}
2150 3902 2585 4066 ἱέῗῗέἓὲἒὲζ

501 4054 700 4118 huius
734 4068 1081 4155 orationis,
1129 4082 1299 4145 quae
1324 4082 1420 4124 nu
1458 4085 1544 4157 ‚er
1587 4064 1864 4160 demum·
1901 4064 2164 4157 inventa
2195 4074 2355 4126 sunt
2387 4068 2440 4141 §.
2475 4065 2579 4126 44.

500 4144 603 4205 462
639 4139 716 4202 cl.
745 4150 806 4209 8.
834 4141 952 4205 ub1
977 4155 1345 4231 utrumque
1372 4166 1407 4209 e
1451 4156 1678 4227 ictum,
1703 4158 1780 4211 ut
1804 4146 2058 4211 diverso
2081 4159 2585 4235 temporecon-
2663 4190 2675 4196 -
