<?xml version="1.0" encoding="UTF-8"?>
<!DOCTYPE html PUBLIC "-//W3C//DTD XHTML 1.0 Transitional//EN"
    "http://www.w3.org/TR/xhtml1/DTD/xhtml1-transitional.dtd">
<html xmlns="http://www.w3.org/1999/xhtml" xml:lang="en" lang="en">
 <head>
  <title>
</title>
<meta http-equiv="Content-Type" content="text/html;charset=utf-8" />
  <meta name='ocr-system' content='tesseract 3.04.00' />
  <meta name='ocr-capabilities' content='ocr_page ocr_carea ocr_par ocr_line ocrx_word'/>
</head>
<body>
  <div class='ocr_page' id='page_1' title='image "./mtulliciceronis00ambrgoog_0056.png"; bbox 0 0 2859 4617; ppageno 0'>
   <div class='ocr_carea' id='block_1_1' title="bbox 657 264 2341 377">
    <p class='ocr_par' dir='ltr' id='par_1_1' title="bbox 657 264 2341 377">
     <span class='ocr_line' id='line_1_1' title="bbox 657 264 2341 377; baseline -0.012 0"><span class='ocrx_word' id='word_1_1' title='bbox 657 316 832 377; x_wconf 75' lang='lat' dir='ltr'>mv</span> <span class='ocrx_word' id='word_1_2' title='bbox 1053 290 1641 369; x_wconf 76' lang='lat' dir='ltr'><strong>DE.ED1T10NE</strong></span> <span class='ocrx_word' id='word_1_3' title='bbox 1681 264 2082 359; x_wconf 67' lang='lat' dir='ltr'>mmmm</span> <span class='ocrx_word' id='word_1_4' title='bbox 2122 289 2341 359; x_wconf 84' lang='lat' dir='ltr'><strong>MED.</strong></span> 
     </span>
    </p>
   </div>
   <div class='ocr_carea' id='block_1_2' title="bbox 653 451 2746 630">
    <p class='ocr_par' dir='ltr' id='par_1_2' title="bbox 653 451 2746 630">
     <span class='ocr_line' id='line_1_2' title="bbox 653 451 2746 545; baseline -0.006 -5"><span class='ocrx_word' id='word_1_5' title='bbox 653 492 880 541; x_wconf 84' lang='lat' dir='ltr'>meam</span> <span class='ocrx_word' id='word_1_6' title='bbox 903 466 984 535; x_wconf 86' lang='lat' dir='ltr'>de</span> <span class='ocrx_word' id='word_1_7' title='bbox 1005 451 1288 533; x_wconf 76' lang='lat' dir='ltr'>Asconio</span> <span class='ocrx_word' id='word_1_8' title='bbox 1311 463 1578 531; x_wconf 79' lang='lat' dir='ltr'>invento</span> <span class='ocrx_word' id='word_1_9' title='bbox 1608 461 1889 527; x_wconf 68' lang='lat' dir='ltr'>minime</span> <span class='ocrx_word' id='word_1_10' title='bbox 1916 459 2309 545; x_wconf 76' lang='lat' dir='ltr'><strong>improbans</strong></span> <span class='ocrx_word' id='word_1_11' title='bbox 2324 506 2345 542; x_wconf 85' lang='lat'>,</span> <span class='ocrx_word' id='word_1_12' title='bbox 2388 482 2469 527; x_wconf 79' lang='lat' dir='ltr'>eo</span> <span class='ocrx_word' id='word_1_13' title='bbox 2512 472 2746 529; x_wconf 75' lang='lat' dir='ltr'>tamen</span> 
     </span>
     <span class='ocr_line' id='line_1_3' title="bbox 653 546 2742 630; baseline -0.005 -9"><span class='ocrx_word' id='word_1_14' title='bbox 653 557 810 622; x_wconf 89' lang='lat' dir='ltr'>loco</span> <span class='ocrx_word' id='word_1_15' title='bbox 835 551 1140 619; x_wconf 84' lang='lat' dir='ltr'>nonnihil</span> <span class='ocrx_word' id='word_1_16' title='bbox 1165 547 1414 613; x_wconf 85' lang='lat' dir='ltr'>offendi</span> <span class='ocrx_word' id='word_1_17' title='bbox 1442 548 1619 613; x_wconf 83' lang='lat' dir='ltr'>visus</span> <span class='ocrx_word' id='word_1_18' title='bbox 1650 558 1777 625; x_wconf 86' lang='lat' dir='ltr'>est,</span> <span class='ocrx_word' id='word_1_19' title='bbox 1822 567 1956 630; x_wconf 88' lang='lat' dir='ltr'>quo</span> <span class='ocrx_word' id='word_1_20' title='bbox 1990 546 2477 609; x_wconf 71' lang='lat' dir='ltr'>commentarii</span> <span class='ocrx_word' id='word_1_21' title='bbox 2503 559 2742 613; x_wconf 79' lang='lat' dir='ltr'>auctor</span> 
     </span>
    </p>
   </div>
   <div class='ocr_carea' id='block_1_3' title="bbox 655 627 2809 723">
    <p class='ocr_par' dir='ltr' id='par_1_3' title="bbox 655 627 2809 723">
     <span class='ocr_line' id='line_1_4' title="bbox 655 627 2809 723; baseline -0.006 -19"><span class='ocrx_word' id='word_1_22' title='bbox 655 641 754 707; x_wconf 82' lang='lat' dir='ltr'>ait</span> <span class='ocrx_word' id='word_1_23' title='bbox 779 642 864 708; x_wconf 81' lang='grc'>26</span> <span class='ocrx_word' id='word_1_24' title='bbox 879 637 934 723; x_wconf 81' lang='lat'>):</span> <span class='ocrx_word' id='word_1_25' title='bbox 977 682 1020 716; x_wconf 90' lang='lat'>„</span> <span class='ocrx_word' id='word_1_26' title='bbox 1035 634 1375 700; x_wconf 81' lang='lat' dir='ltr'>Feriarum</span> <span class='ocrx_word' id='word_1_27' title='bbox 1395 632 1757 696; x_wconf 86' lang='lat' dir='ltr'>latinarum</span> <span class='ocrx_word' id='word_1_28' title='bbox 1790 627 2103 693; x_wconf 86' lang='lat' dir='ltr'>sacrificio</span> <span class='ocrx_word' id='word_1_29' title='bbox 2134 628 2411 694; x_wconf 85' lang='lat' dir='ltr'>solitum</span> <span class='ocrx_word' id='word_1_30' title='bbox 2438 652 2576 695; x_wconf 84' lang='lat' dir='ltr'>esse</span> <span class='ocrx_word' id='word_1_31' title='bbox 2602 631 2741 695; x_wconf 86' lang='lat' dir='ltr'>hoc</span> <span class='ocrx_word' id='word_1_32' title='bbox 2798 673 2809 684; x_wconf 88' lang='lat'>-</span> 
     </span>
    </p>
   </div>
   <div class='ocr_carea' id='block_1_4' title="bbox 588 712 2738 1811">
    <p class='ocr_par' dir='ltr' id='par_1_4' title="bbox 588 712 2738 1811">
     <span class='ocr_line' id='line_1_5' title="bbox 653 712 2737 801; baseline -0.005 -11"><span class='ocrx_word' id='word_1_33' title='bbox 653 723 987 791; x_wconf 82' lang='lat' dir='ltr'>observan</span> <span class='ocrx_word' id='word_1_34' title='bbox 1004 766 1024 799; x_wconf 90' lang='lat'>,</span> <span class='ocrx_word' id='word_1_35' title='bbox 1092 730 1172 785; x_wconf 84' lang='lat' dir='ltr'>ut</span> <span class='ocrx_word' id='word_1_36' title='bbox 1212 718 1446 781; x_wconf 82' lang='lat' dir='ltr'><strong>Hostia</strong></span> <span class='ocrx_word' id='word_1_37' title='bbox 1491 717 1643 797; x_wconf 84' lang='lat' dir='ltr'>[et]</span> <span class='ocrx_word' id='word_1_38' title='bbox 1691 714 1975 780; x_wconf 83' lang='lat' dir='ltr'>civitates</span> <span class='ocrx_word' id='word_1_39' title='bbox 2017 712 2375 777; x_wconf 83' lang='lat' dir='ltr'>adiacentes</span> <span class='ocrx_word' id='word_1_40' title='bbox 2412 715 2737 801; x_wconf 89' lang='lat' dir='ltr'>portiun—</span> 
     </span>
     <span class='ocr_line' id='line_1_6' title="bbox 654 797 2737 888; baseline -0.004 -16"><span class='ocrx_word' id='word_1_41' title='bbox 654 807 834 875; x_wconf 84' lang='lat' dir='ltr'>culas</span> <span class='ocrx_word' id='word_1_42' title='bbox 859 804 1074 869; x_wconf 88' lang='lat' dir='ltr'>carnis</span> <span class='ocrx_word' id='word_1_43' title='bbox 1101 802 1472 888; x_wconf 81' lang='lat' dir='ltr'>acciperent</span> <span class='ocrx_word' id='word_1_44' title='bbox 1495 820 1583 863; x_wconf 83' lang='lat' dir='ltr'>ex</span> <span class='ocrx_word' id='word_1_45' title='bbox 1609 797 1865 862; x_wconf 83' lang='lat' dir='ltr'>Albano</span> <span class='ocrx_word' id='word_1_46' title='bbox 1894 808 2129 861; x_wconf 87' lang='lat' dir='ltr'>monte</span> <span class='ocrx_word' id='word_1_47' title='bbox 2154 799 2518 863; x_wconf 74' lang='lat' dir='ltr'>secundam</span> <span class='ocrx_word' id='word_1_48' title='bbox 2543 812 2737 863; x_wconf 83' lang='lat' dir='ltr'>vete-</span> 
     </span>
     <span class='ocr_line' id='line_1_7' title="bbox 650 881 2737 977; baseline -0.007 -18"><span class='ocrx_word' id='word_1_49' title='bbox 650 912 802 959; x_wconf 86' lang='lat' dir='ltr'>rem</span> <span class='ocrx_word' id='word_1_50' title='bbox 829 888 1386 976; x_wconf 64' lang='lat' dir='ltr'>superstitionem.</span> <span class='ocrx_word' id='word_1_51' title='bbox 1397 889 1440 921; x_wconf 86' lang='lat'><strong>“</strong></span> <span class='ocrx_word' id='word_1_52' title='bbox 1497 882 1779 947; x_wconf 86' lang='lat' dir='ltr'>Videtur</span> <span class='ocrx_word' id='word_1_53' title='bbox 1804 891 2027 945; x_wconf 82' lang='lat' dir='ltr'>autem</span> <span class='ocrx_word' id='word_1_54' title='bbox 2051 881 2197 947; x_wconf 86' lang='lat' dir='ltr'>viro</span> <span class='ocrx_word' id='word_1_55' title='bbox 2228 882 2485 977; x_wconf 81' lang='lat' dir='ltr'>egregio</span> <span class='ocrx_word' id='word_1_56' title='bbox 2514 881 2737 945; x_wconf 88' lang='lat' dir='ltr'>haud-</span> 
     </span>
     <span class='ocr_line' id='line_1_8' title="bbox 701 965 2735 1059; baseline -0.004 -21"><span class='ocrx_word' id='word_1_57' title='bbox 701 995 995 1059; x_wconf 83' lang='lat' dir='ltr'>uaquam</span> <span class='ocrx_word' id='word_1_58' title='bbox 1021 972 1316 1035; x_wconf 72' lang='lat' dir='ltr'>dicturus</span> <span class='ocrx_word' id='word_1_59' title='bbox 1339 966 1541 1033; x_wconf 83' lang='lat' dir='ltr'>fuisse</span> <span class='ocrx_word' id='word_1_60' title='bbox 1566 966 1885 1032; x_wconf 85' lang='lat' dir='ltr'>Asconius</span> <span class='ocrx_word' id='word_1_61' title='bbox 1911 987 2014 1029; x_wconf 84' lang='lat' dir='ltr'>eas</span> <span class='ocrx_word' id='word_1_62' title='bbox 2045 965 2468 1029; x_wconf 74' lang='lat' dir='ltr'>caerimonias</span> <span class='ocrx_word' id='word_1_63' title='bbox 2496 990 2735 1031; x_wconf 80' lang='lat' dir='ltr'>secun-</span> 
     </span>
     <span class='ocr_line' id='line_1_9' title="bbox 750 1048 2737 1140; baseline -0.006 -18"><span class='ocrx_word' id='word_1_64' title='bbox 750 1082 822 1122; x_wconf 91' lang='lat' dir='ltr'><strong><em>m</em></strong></span> <span class='ocrx_word' id='word_1_65' title='bbox 847 1068 1148 1121; x_wconf 84' lang='lat' dir='ltr'>veterem</span> <span class='ocrx_word' id='word_1_66' title='bbox 1171 1053 1717 1140; x_wconf 72' lang='lat' dir='ltr'><em>superstitionem</em></span> <span class='ocrx_word' id='word_1_67' title='bbox 1738 1050 2083 1135; x_wconf 86' lang='lat' dir='ltr'>usurpari,</span> <span class='ocrx_word' id='word_1_68' title='bbox 2130 1048 2450 1134; x_wconf 86' lang='lat' dir='ltr'>quoniam</span> <span class='ocrx_word' id='word_1_69' title='bbox 2476 1072 2583 1114; x_wconf 83' lang='lat' dir='ltr'>eae</span> <span class='ocrx_word' id='word_1_70' title='bbox 2610 1070 2737 1113; x_wconf 86' lang='lat' dir='ltr'>sua</span> 
     </span>
     <span class='ocr_line' id='line_1_10' title="bbox 654 1130 2738 1217; baseline -0.005 -11"><span class='ocrx_word' id='word_1_71' title='bbox 654 1153 862 1207; x_wconf 87' lang='lat' dir='ltr'>aetate</span> <span class='ocrx_word' id='word_1_72' title='bbox 923 1160 1191 1203; x_wconf 84' lang='lat' dir='ltr'>summa</span> <span class='ocrx_word' id='word_1_73' title='bbox 1241 1136 1460 1200; x_wconf 83' lang='lat' dir='ltr'>adhuc</span> <span class='ocrx_word' id='word_1_74' title='bbox 1506 1134 1923 1201; x_wconf 85' lang='lat' dir='ltr'>veneratione</span> <span class='ocrx_word' id='word_1_75' title='bbox 1972 1130 2579 1217; x_wconf 72' lang='lat' dir='ltr'><strong>frequentabantur.</strong></span> <span class='ocrx_word' id='word_1_76' title='bbox 2644 1166 2738 1179; x_wconf 90' lang='lat'>--</span> 
     </span>
     <span class='ocr_line' id='line_1_11' title="bbox 655 1215 2737 1307; baseline -0.005 -18"><span class='ocrx_word' id='word_1_77' title='bbox 655 1225 785 1289; x_wconf 88' lang='lat' dir='ltr'>Sed</span> <span class='ocrx_word' id='word_1_78' title='bbox 831 1224 1011 1288; x_wconf 88' lang='lat' dir='ltr'>enim</span> <span class='ocrx_word' id='word_1_79' title='bbox 1049 1242 1169 1307; x_wconf 77' lang='lat' dir='ltr'>ego</span> <span class='ocrx_word' id='word_1_80' title='bbox 1213 1231 1277 1285; x_wconf 86' lang='lat' dir='ltr'>et</span> <span class='ocrx_word' id='word_1_81' title='bbox 1317 1240 1593 1284; x_wconf 84' lang='lat' dir='ltr'><strong>acumen</strong></span> <span class='ocrx_word' id='word_1_82' title='bbox 1620 1216 1911 1280; x_wconf 86' lang='lat' dir='ltr'>hominis</span> <span class='ocrx_word' id='word_1_83' title='bbox 1938 1217 2110 1279; x_wconf 89' lang='lat' dir='ltr'>mire</span> <span class='ocrx_word' id='word_1_84' title='bbox 2135 1215 2335 1281; x_wconf 86' lang='lat' dir='ltr'>laudo</span> <span class='ocrx_word' id='word_1_85' title='bbox 2350 1260 2368 1291; x_wconf 90' lang='lat'>,</span> <span class='ocrx_word' id='word_1_86' title='bbox 2412 1228 2475 1279; x_wconf 82' lang='lat' dir='ltr'>et</span> <span class='ocrx_word' id='word_1_87' title='bbox 2506 1228 2737 1279; x_wconf 80' lang='lat' dir='ltr'>tamen</span> 
     </span>
     <span class='ocr_line' id='line_1_12' title="bbox 657 1300 2735 1392; baseline -0.004 -19"><span class='ocrx_word' id='word_1_88' title='bbox 657 1308 912 1373; x_wconf 87' lang='lat' dir='ltr'>obiecto</span> <span class='ocrx_word' id='word_1_89' title='bbox 941 1315 1337 1392; x_wconf 82' lang='lat' dir='ltr'>argumento</span> <span class='ocrx_word' id='word_1_90' title='bbox 1363 1304 1455 1367; x_wconf 90' lang='lat' dir='ltr'>sic</span> <span class='ocrx_word' id='word_1_91' title='bbox 1486 1324 1712 1365; x_wconf 89' lang='lat' dir='ltr'>censeo</span> <span class='ocrx_word' id='word_1_92' title='bbox 1748 1300 2266 1365; x_wconf 82' lang='lat' dir='ltr'>occurrendum:</span> <span class='ocrx_word' id='word_1_93' title='bbox 2309 1300 2735 1365; x_wconf 78' lang='lat' dir='ltr'>Vocabulum</span> 
     </span>
     <span class='ocr_line' id='line_1_13' title="bbox 655 1382 2735 1480; baseline -0.003 -24"><span class='ocrx_word' id='word_1_94' title='bbox 655 1393 1038 1480; x_wconf 69' lang='lat' dir='ltr'><em>superstitio</em></span> <span class='ocrx_word' id='word_1_95' title='bbox 1072 1389 1151 1452; x_wconf 91' lang='lat' dir='ltr'>de</span> <span class='ocrx_word' id='word_1_96' title='bbox 1189 1387 1497 1472; x_wconf 87' lang='lat' dir='ltr'>religioso</span> <span class='ocrx_word' id='word_1_97' title='bbox 1535 1387 1673 1449; x_wconf 87' lang='lat' dir='ltr'>ritu</span> <span class='ocrx_word' id='word_1_98' title='bbox 1719 1386 1855 1449; x_wconf 88' lang='lat' dir='ltr'>sine</span> <span class='ocrx_word' id='word_1_99' title='bbox 1900 1382 2299 1447; x_wconf 86' lang='lat' dir='ltr'>contumelia</span> <span class='ocrx_word' id='word_1_100' title='bbox 2324 1396 2735 1471; x_wconf 83' lang='lat' dir='ltr'>usurpatum</span> 
     </span>
     <span class='ocr_line' id='line_1_14' title="bbox 657 1468 2733 1557; baseline -0.003 -17"><span class='ocrx_word' id='word_1_101' title='bbox 657 1498 794 1541; x_wconf 87' lang='lat' dir='ltr'>esse</span> <span class='ocrx_word' id='word_1_102' title='bbox 819 1498 860 1539; x_wconf 83' lang='lat' dir='ltr'>a</span> <span class='ocrx_word' id='word_1_103' title='bbox 888 1471 1321 1557; x_wconf 86' lang='lat' dir='ltr'>scriptoribus</span> <span class='ocrx_word' id='word_1_104' title='bbox 1357 1469 1627 1533; x_wconf 82' lang='lat' dir='ltr'>ethnicis</span> <span class='ocrx_word' id='word_1_105' title='bbox 1660 1490 1860 1533; x_wconf 88' lang='lat' dir='ltr'>nemo</span> <span class='ocrx_word' id='word_1_106' title='bbox 1894 1468 2168 1531; x_wconf 86' lang='lat' dir='ltr'>dubitat.</span> <span class='ocrx_word' id='word_1_107' title='bbox 2253 1468 2465 1532; x_wconf 91' lang='lat' dir='ltr'>Porro</span> <span class='ocrx_word' id='word_1_108' title='bbox 2488 1492 2733 1555; x_wconf 76' lang='lat' dir='ltr'>super-</span> 
     </span>
     <span class='ocr_line' id='line_1_15' title="bbox 588 1550 2735 1639; baseline -0.003 -15"><span class='ocrx_word' id='word_1_109' title='bbox 588 1602 592 1611; x_wconf 80' lang='lat'><em>,</em></span> <span class='ocrx_word' id='word_1_110' title='bbox 649 1561 836 1624; x_wconf 81' lang='lat' dir='ltr'>stitio</span> <span class='ocrx_word' id='word_1_111' title='bbox 875 1580 990 1621; x_wconf 88' lang='lat' dir='ltr'>seu</span> <span class='ocrx_word' id='word_1_112' title='bbox 1035 1554 1428 1623; x_wconf 79' lang='lat' dir='ltr'>caerimonia</span> <span class='ocrx_word' id='word_1_113' title='bbox 1468 1552 1736 1639; x_wconf 84' lang='lat' dir='ltr'>petendi</span> <span class='ocrx_word' id='word_1_114' title='bbox 1772 1572 2037 1615; x_wconf 89' lang='lat' dir='ltr'>carnem</span> <span class='ocrx_word' id='word_1_115' title='bbox 2084 1572 2169 1614; x_wconf 83' lang='lat' dir='ltr'>ex</span> <span class='ocrx_word' id='word_1_116' title='bbox 2200 1550 2455 1627; x_wconf 86' lang='lat' dir='ltr'>Albano</span> <span class='ocrx_word' id='word_1_117' title='bbox 2498 1564 2735 1617; x_wconf 86' lang='lat' dir='ltr'>monte</span> 
     </span>
     <span class='ocr_line' id='line_1_16' title="bbox 650 1636 2732 1724; baseline -0.003 -17"><span class='ocrx_word' id='word_1_118' title='bbox 650 1640 830 1707; x_wconf 87' lang='lat' dir='ltr'>feriis</span> <span class='ocrx_word' id='word_1_119' title='bbox 854 1641 1091 1718; x_wconf 76' lang='lat' dir='ltr'>latinis,</span> <span class='ocrx_word' id='word_1_120' title='bbox 1133 1641 1268 1703; x_wconf 84' lang='lat' dir='ltr'>iam</span> <span class='ocrx_word' id='word_1_121' title='bbox 1291 1638 1439 1724; x_wconf 86' lang='lat' dir='ltr'>ipso</span> <span class='ocrx_word' id='word_1_122' title='bbox 1465 1648 1775 1723; x_wconf 87' lang='lat' dir='ltr'>tempore</span> <span class='ocrx_word' id='word_1_123' title='bbox 1798 1636 2064 1700; x_wconf 81' lang='lat' dir='ltr'>Asconii</span> <span class='ocrx_word' id='word_1_124' title='bbox 2088 1646 2275 1701; x_wconf 77' lang='lat' dir='ltr'>vetus</span> <span class='ocrx_word' id='word_1_125' title='bbox 2305 1647 2465 1718; x_wconf 79' lang='lat' dir='ltr'>erat,</span> <span class='ocrx_word' id='word_1_126' title='bbox 2510 1658 2732 1723; x_wconf 87' lang='lat' dir='ltr'>quan-</span> 
     </span>
     <span class='ocr_line' id='line_1_17' title="bbox 652 1718 2253 1811; baseline -0.005 -21"><span class='ocrx_word' id='word_1_127' title='bbox 652 1726 783 1811; x_wconf 89' lang='lat' dir='ltr'>doq</span> <span class='ocrx_word' id='word_1_128' title='bbox 793 1725 1012 1790; x_wconf 89' lang='lat' dir='ltr'>uidem</span> <span class='ocrx_word' id='word_1_129' title='bbox 1046 1746 1084 1788; x_wconf 87' lang='lat' dir='ltr'>a</span> <span class='ocrx_word' id='word_1_130' title='bbox 1109 1722 1363 1787; x_wconf 88' lang='lat' dir='ltr'>Romae</span> <span class='ocrx_word' id='word_1_131' title='bbox 1387 1720 1654 1805; x_wconf 85' lang='lat' dir='ltr'>regibus</span> <span class='ocrx_word' id='word_1_132' title='bbox 1683 1718 1904 1784; x_wconf 87' lang='lat' dir='ltr'>fuerat</span> <span class='ocrx_word' id='word_1_133' title='bbox 1934 1719 2253 1783; x_wconf 83' lang='lat' dir='ltr'>instituta.</span> 
     </span>
    </p>
   </div>
   <div class='ocr_carea' id='block_1_5' title="bbox 640 1852 2732 3200">
    <p class='ocr_par' dir='ltr' id='par_1_5' title="bbox 640 1852 2732 2951">
     <span class='ocr_line' id='line_1_18' title="bbox 824 1852 2732 1943; baseline -0.003 -19"><span class='ocrx_word' id='word_1_134' title='bbox 824 1864 887 1925; x_wconf 89' lang='grc'>9.</span> <span class='ocrx_word' id='word_1_135' title='bbox 974 1853 1179 1935; x_wconf 88' lang='lat' dir='ltr'>Quod</span> <span class='ocrx_word' id='word_1_136' title='bbox 1239 1876 1396 1919; x_wconf 85' lang='lat' dir='ltr'>vero</span> <span class='ocrx_word' id='word_1_137' title='bbox 1442 1852 1621 1918; x_wconf 87' lang='lat' dir='ltr'>idem</span> <span class='ocrx_word' id='word_1_138' title='bbox 1664 1854 2021 1941; x_wconf 86' lang='lat' dir='ltr'>perdoctus</span> <span class='ocrx_word' id='word_1_139' title='bbox 2066 1853 2331 1919; x_wconf 81' lang='lat' dir='ltr'>criticus</span> <span class='ocrx_word' id='word_1_140' title='bbox 2374 1854 2732 1943; x_wconf 88' lang='lat' dir='ltr'>legendum</span> 
     </span>
     <span class='ocr_line' id='line_1_19' title="bbox 649 1937 2729 2025; baseline -0.002 -18"><span class='ocrx_word' id='word_1_141' title='bbox 649 1941 894 2007; x_wconf 87' lang='lat' dir='ltr'>iudicat</span> <span class='ocrx_word' id='word_1_142' title='bbox 913 1939 1174 2005; x_wconf 72' lang='lat' dir='ltr'>hostiae</span> <span class='ocrx_word' id='word_1_143' title='bbox 1200 1938 1506 2003; x_wconf 80' lang='lat' dir='ltr'>civitates</span> <span class='ocrx_word' id='word_1_144' title='bbox 1541 1950 1672 2025; x_wconf 82' lang='lat' dir='ltr'>pro</span> <span class='ocrx_word' id='word_1_145' title='bbox 1700 1937 1949 2005; x_wconf 78' lang='lat' dir='ltr'>Hostia</span> <span class='ocrx_word' id='word_1_146' title='bbox 1994 1940 2147 2021; x_wconf 84' lang='lat' dir='ltr'>[et]</span> <span class='ocrx_word' id='word_1_147' title='bbox 2192 1939 2535 2019; x_wconf 78' lang='lat' dir='ltr'>civitates,</span> <span class='ocrx_word' id='word_1_148' title='bbox 2628 1940 2729 2005; x_wconf 90' lang='lat' dir='ltr'>ri-</span> 
     </span>
     <span class='ocr_line' id='line_1_20' title="bbox 649 2020 2727 2101; baseline -0.001 -12"><span class='ocrx_word' id='word_1_149' title='bbox 649 2048 849 2089; x_wconf 84' lang='lat' dir='ltr'>mum</span> <span class='ocrx_word' id='word_1_150' title='bbox 882 2044 1162 2101; x_wconf 88' lang='lat' dir='ltr'>moneo,</span> <span class='ocrx_word' id='word_1_151' title='bbox 1206 2022 1499 2086; x_wconf 84' lang='lat' dir='ltr'>codicem</span> <span class='ocrx_word' id='word_1_152' title='bbox 1536 2024 1812 2089; x_wconf 85' lang='lat' dir='ltr'>omnino</span> <span class='ocrx_word' id='word_1_153' title='bbox 1867 2023 2109 2087; x_wconf 84' lang='lat' dir='ltr'>habere</span> <span class='ocrx_word' id='word_1_154' title='bbox 2146 2020 2471 2087; x_wconf 88' lang='lat' dir='ltr'><strong>HOSTIA</strong></span> <span class='ocrx_word' id='word_1_155' title='bbox 2507 2024 2589 2089; x_wconf 89' lang='lat' dir='ltr'>CI</span> <span class='ocrx_word' id='word_1_156' title='bbox 2655 2022 2727 2087; x_wconf 87' lang='lat' dir='ltr'>I-</span> 
     </span>
     <span class='ocr_line' id='line_1_21' title="bbox 649 2104 2729 2194; baseline -0.001 -20"><span class='ocrx_word' id='word_1_157' title='bbox 649 2107 975 2183; x_wconf 83' lang='lat' dir='ltr'>TATES;</span> <span class='ocrx_word' id='word_1_158' title='bbox 1019 2104 1250 2171; x_wconf 89' lang='lat' dir='ltr'>deinde</span> <span class='ocrx_word' id='word_1_159' title='bbox 1291 2105 1605 2194; x_wconf 89' lang='lat' dir='ltr'>copulam</span> <span class='ocrx_word' id='word_1_160' title='bbox 1643 2114 1703 2171; x_wconf 75' lang='lat' dir='ltr'>et</span> <span class='ocrx_word' id='word_1_161' title='bbox 1739 2106 1922 2171; x_wconf 91' lang='lat' dir='ltr'>haud</span> <span class='ocrx_word' id='word_1_162' title='bbox 1949 2129 2103 2171; x_wconf 81' lang='lat' dir='ltr'>raro</span> <span class='ocrx_word' id='word_1_163' title='bbox 2137 2106 2489 2174; x_wconf 84' lang='lat' dir='ltr'>desiderari</span> <span class='ocrx_word' id='word_1_164' title='bbox 2522 2109 2594 2193; x_wconf 79' lang='lat' dir='ltr'>in</span> <span class='ocrx_word' id='word_1_165' title='bbox 2621 2106 2729 2171; x_wconf 87' lang='lat' dir='ltr'>his</span> 
     </span>
     <span class='ocr_line' id='line_1_22' title="bbox 645 2190 2725 2283; baseline -0.002 -24"><span class='ocrx_word' id='word_1_166' title='bbox 645 2192 854 2283; x_wconf 72' lang='lat' dir='ltr'>palin]</span> <span class='ocrx_word' id='word_1_167' title='bbox 909 2190 1126 2268; x_wconf 84' lang='lat' dir='ltr'>sestis,</span> <span class='ocrx_word' id='word_1_168' title='bbox 1220 2212 1340 2257; x_wconf 84' lang='lat' dir='ltr'>uae</span> <span class='ocrx_word' id='word_1_169' title='bbox 1362 2212 1467 2253; x_wconf 87' lang='lat' dir='ltr'>res</span> <span class='ocrx_word' id='word_1_170' title='bbox 1498 2197 1561 2253; x_wconf 87' lang='lat' dir='ltr'>et</span> <span class='ocrx_word' id='word_1_171' title='bbox 1594 2210 1679 2253; x_wconf 83' lang='lat' dir='ltr'>ex</span> <span class='ocrx_word' id='word_1_172' title='bbox 1707 2204 1935 2254; x_wconf 85' lang='lat' dir='ltr'>nostra</span> <span class='ocrx_word' id='word_1_173' title='bbox 1964 2190 2253 2255; x_wconf 83' lang='lat' dir='ltr'>editione</span> <span class='ocrx_word' id='word_1_174' title='bbox 2284 2194 2725 2277; x_wconf 78' lang='lat' dir='ltr'>cognoscitur,</span> 
     </span>
     <span class='ocr_line' id='line_1_23' title="bbox 651 2272 2729 2361; baseline -0.001 -19"><span class='ocrx_word' id='word_1_175' title='bbox 651 2287 715 2342; x_wconf 84' lang='lat' dir='ltr'>et</span> <span class='ocrx_word' id='word_1_176' title='bbox 743 2302 782 2344; x_wconf 88' lang='lat' dir='ltr'>a</span> <span class='ocrx_word' id='word_1_177' title='bbox 887 2275 1176 2341; x_wconf 83' lang='lat' dir='ltr'>&#39;loniensi</span> <span class='ocrx_word' id='word_1_178' title='bbox 1225 2297 1302 2337; x_wconf 89' lang='lat' dir='ltr'>us</span> <span class='ocrx_word' id='word_1_179' title='bbox 1329 2272 1689 2338; x_wconf 74' lang='lat' dir='ltr'>editoribus</span> <span class='ocrx_word' id='word_1_180' title='bbox 1734 2272 1846 2361; x_wconf 90' lang='lat' dir='ltr'>(de</span> <span class='ocrx_word' id='word_1_181' title='bbox 1880 2272 2117 2361; x_wconf 86' lang='lat' dir='ltr'>quibus</span> <span class='ocrx_word' id='word_1_182' title='bbox 2144 2297 2315 2339; x_wconf 84' lang='lat' dir='ltr'>mox</span> <span class='ocrx_word' id='word_1_183' title='bbox 2334 2276 2574 2361; x_wconf 87' lang='lat' dir='ltr'>dicam)</span> <span class='ocrx_word' id='word_1_184' title='bbox 2620 2298 2729 2339; x_wconf 84' lang='lat' dir='ltr'>sa-</span> 
     </span>
     <span class='ocr_line' id='line_1_24' title="bbox 645 2356 2727 2450; baseline -0.001 -25"><span class='ocrx_word' id='word_1_185' title='bbox 645 2362 910 2450; x_wconf 82' lang='lat' dir='ltr'>pienter</span> <span class='ocrx_word' id='word_1_186' title='bbox 935 2371 1165 2425; x_wconf 87' lang='lat' dir='ltr'>notata</span> <span class='ocrx_word' id='word_1_187' title='bbox 1198 2368 1294 2423; x_wconf 83' lang='lat' dir='ltr'>est</span> <span class='ocrx_word' id='word_1_188' title='bbox 1320 2357 1470 2445; x_wconf 84' lang='lat'><strong>26).</strong></span> <span class='ocrx_word' id='word_1_189' title='bbox 1560 2358 1745 2423; x_wconf 87' lang='lat' dir='ltr'>Tum</span> <span class='ocrx_word' id='word_1_190' title='bbox 1784 2357 1838 2421; x_wconf 91' lang='lat' dir='ltr'>si</span> <span class='ocrx_word' id='word_1_191' title='bbox 1880 2356 2149 2445; x_wconf 87' lang='lat' dir='ltr'>recipias</span> <span class='ocrx_word' id='word_1_192' title='bbox 2198 2382 2347 2423; x_wconf 87' lang='lat' dir='ltr'>eam</span> <span class='ocrx_word' id='word_1_193' title='bbox 2390 2361 2727 2424; x_wconf 85' lang='lat' dir='ltr'>coniectu—</span> 
     </span>
     <span class='ocr_line' id='line_1_25' title="bbox 645 2441 2725 2533; baseline -0.001 -23"><span class='ocrx_word' id='word_1_194' title='bbox 645 2467 829 2525; x_wconf 83' lang='lat' dir='ltr'>ram,</span> <span class='ocrx_word' id='word_1_195' title='bbox 873 2444 951 2509; x_wconf 82' lang='lat' dir='ltr'>fit</span> <span class='ocrx_word' id='word_1_196' title='bbox 991 2443 1194 2533; x_wconf 85' lang='lat' dir='ltr'>paulo</span> <span class='ocrx_word' id='word_1_197' title='bbox 1225 2442 1615 2508; x_wconf 76' lang='lat' dir='ltr'>insolentior</span> <span class='ocrx_word' id='word_1_198' title='bbox 1650 2442 1843 2506; x_wconf 85' lang='lat' dir='ltr'>dictio</span> <span class='ocrx_word' id='word_1_199' title='bbox 1871 2452 1941 2507; x_wconf 75' lang='lat' dir='ltr'>ut</span> <span class='ocrx_word' id='word_1_200' title='bbox 1968 2441 2229 2507; x_wconf 76' lang='lat' dir='ltr'>hostiae</span> <span class='ocrx_word' id='word_1_201' title='bbox 2256 2443 2565 2509; x_wconf 73' lang='lat' dir='ltr'>civitates</span> <span class='ocrx_word' id='word_1_202' title='bbox 2588 2444 2725 2509; x_wconf 79' lang='lat' dir='ltr'>ad-</span> 
     </span>
     <span class='ocr_line' id='line_1_26' title="bbox 644 2526 2723 2623; baseline -0 -30"><span class='ocrx_word' id='word_1_203' title='bbox 644 2530 936 2593; x_wconf 79' lang='lat' dir='ltr'>iacentes</span> <span class='ocrx_word' id='word_1_204' title='bbox 951 2528 1426 2623; x_wconf 66' lang='lat' dir='ltr'>portiunculas</span> <span class='ocrx_word' id='word_1_205' title='bbox 1452 2527 1684 2592; x_wconf 74' lang='lat' dir='ltr'>carnis</span> <span class='ocrx_word' id='word_1_206' title='bbox 1714 2526 2128 2613; x_wconf 76' lang='lat' dir='ltr'>acciperent.-</span> <span class='ocrx_word' id='word_1_207' title='bbox 2171 2538 2330 2589; x_wconf 87' lang='lat' dir='ltr'>sunt</span> <span class='ocrx_word' id='word_1_208' title='bbox 2374 2528 2551 2591; x_wconf 89' lang='lat' dir='ltr'>enim</span> <span class='ocrx_word' id='word_1_209' title='bbox 2586 2530 2723 2593; x_wconf 90' lang='lat' dir='ltr'>duo</span> 
     </span>
     <span class='ocr_line' id='line_1_27' title="bbox 645 2609 2724 2697; baseline 0.002 -23"><span class='ocrx_word' id='word_1_210' title='bbox 645 2612 1051 2677; x_wconf 72' lang='lat' dir='ltr'>substantiva</span> <span class='ocrx_word' id='word_1_211' title='bbox 1096 2611 1370 2675; x_wconf 87' lang='lat' dir='ltr'>nomina</span> <span class='ocrx_word' id='word_1_212' title='bbox 1390 2612 1672 2677; x_wconf 63' lang='lat' dir='ltr'>fios-tiae</span> <span class='ocrx_word' id='word_1_213' title='bbox 1724 2620 1788 2674; x_wconf 82' lang='lat' dir='ltr'>et</span> <span class='ocrx_word' id='word_1_214' title='bbox 1828 2612 2140 2675; x_wconf 81' lang='lat' dir='ltr'>civitates</span> <span class='ocrx_word' id='word_1_215' title='bbox 2180 2616 2263 2677; x_wconf 86' lang='lat'>27</span> <span class='ocrx_word' id='word_1_216' title='bbox 2274 2609 2325 2697; x_wconf 87' lang='lat'>).</span> <span class='ocrx_word' id='word_1_217' title='bbox 2423 2612 2724 2697; x_wconf 85' lang='lat' dir='ltr'>Denique</span> 
     </span>
     <span class='ocr_line' id='line_1_28' title="bbox 649 2693 2723 2781; baseline -0 -21"><span class='ocrx_word' id='word_1_218' title='bbox 649 2695 968 2779; x_wconf 86' lang='lat' dir='ltr'>quoniam</span> <span class='ocrx_word' id='word_1_219' title='bbox 1015 2694 1376 2781; x_wconf 82' lang='lat' dir='ltr'>Dionysius</span> <span class='ocrx_word' id='word_1_220' title='bbox 1436 2693 1959 2759; x_wconf 86' lang='lat' dir='ltr'>Halicarnasseus</span> <span class='ocrx_word' id='word_1_221' title='bbox 2003 2694 2129 2781; x_wconf 82' lang='lat'>28)</span> <span class='ocrx_word' id='word_1_222' title='bbox 2194 2694 2317 2773; x_wconf 77' lang='lat' dir='ltr'>ait,</span> <span class='ocrx_word' id='word_1_223' title='bbox 2376 2717 2478 2759; x_wconf 89' lang='lat' dir='ltr'>eas</span> <span class='ocrx_word' id='word_1_224' title='bbox 2526 2694 2723 2759; x_wconf 81' lang='lat' dir='ltr'>ferias</span> 
     </span>
     <span class='ocr_line' id='line_1_29' title="bbox 640 2776 2721 2863; baseline 0.002 -23"><span class='ocrx_word' id='word_1_225' title='bbox 640 2787 916 2842; x_wconf 85' lang='lat' dir='ltr'>statutas</span> <span class='ocrx_word' id='word_1_226' title='bbox 955 2800 1088 2843; x_wconf 88' lang='lat' dir='ltr'>esse</span> <span class='ocrx_word' id='word_1_227' title='bbox 1131 2801 1168 2841; x_wconf 90' lang='lat' dir='ltr'>a</span> <span class='ocrx_word' id='word_1_228' title='bbox 1208 2776 1581 2863; x_wconf 87' lang='lat' dir='ltr'>Tarquinio</span> <span class='ocrx_word' id='word_1_229' title='bbox 1626 2800 2013 2843; x_wconf 88' lang='lat' dir='ltr'>communes</span> <span class='ocrx_word' id='word_1_230' title='bbox 2053 2777 2370 2844; x_wconf 88' lang='lat' dir='ltr'>Romanis</span> <span class='ocrx_word' id='word_1_231' title='bbox 2388 2826 2407 2857; x_wconf 92' lang='lat'>,</span> <span class='ocrx_word' id='word_1_232' title='bbox 2451 2778 2721 2858; x_wconf 75' lang='lat' dir='ltr'>Latinis,</span> 
     </span>
     <span class='ocr_line' id='line_1_30' title="bbox 641 2858 2723 2951; baseline 0.001 -26"><span class='ocrx_word' id='word_1_233' title='bbox 641 2860 940 2925; x_wconf 84' lang='lat' dir='ltr'>Hernicis</span> <span class='ocrx_word' id='word_1_234' title='bbox 967 2873 1030 2925; x_wconf 88' lang='lat' dir='ltr'>et</span> <span class='ocrx_word' id='word_1_235' title='bbox 1053 2860 1324 2942; x_wconf 88' lang='lat' dir='ltr'>Volscis,</span> <span class='ocrx_word' id='word_1_236' title='bbox 1371 2862 1511 2925; x_wconf 87' lang='lat' dir='ltr'>eius</span> <span class='ocrx_word' id='word_1_237' title='bbox 1558 2883 1646 2925; x_wconf 89' lang='lat' dir='ltr'>ue</span> <span class='ocrx_word' id='word_1_238' title='bbox 1675 2858 1966 2927; x_wconf 83' lang='lat' dir='ltr'>sacrificii</span> <span class='ocrx_word' id='word_1_239' title='bbox 1988 2862 2335 2951; x_wconf 85' lang='lat' dir='ltr'>participes</span> <span class='ocrx_word' id='word_1_240' title='bbox 2362 2862 2563 2927; x_wconf 83' lang='lat' dir='ltr'>fuisse</span> <span class='ocrx_word' id='word_1_241' title='bbox 2588 2888 2723 2951; x_wconf 87' lang='lat' dir='ltr'>po-</span> 
     </span>
    </p>

    <p class='ocr_par' dir='ltr' id='par_1_6' title="bbox 640 2944 2723 3200">
     <span class='ocr_line' id='line_1_31' title="bbox 693 2944 2723 3033; baseline 0.001 -24"><span class='ocrx_word' id='word_1_242' title='bbox 693 2944 844 3009; x_wconf 86' lang='lat' dir='ltr'>ulos</span> <span class='ocrx_word' id='word_1_243' title='bbox 883 2968 1022 3011; x_wconf 88' lang='lat' dir='ltr'>non</span> <span class='ocrx_word' id='word_1_244' title='bbox 1059 2946 1280 3009; x_wconf 89' lang='lat' dir='ltr'>minus</span> <span class='ocrx_word' id='word_1_245' title='bbox 1317 2946 1503 3011; x_wconf 89' lang='lat' dir='ltr'>XLV</span> <span class='ocrx_word' id='word_1_246' title='bbox 1582 2992 1601 3024; x_wconf 91' lang='lat'>,</span> <span class='ocrx_word' id='word_1_247' title='bbox 1657 2947 2099 3025; x_wconf 83' lang='lat' dir='ltr'>considerent,</span> <span class='ocrx_word' id='word_1_248' title='bbox 2159 2966 2434 3033; x_wconf 77' lang='lat' dir='ltr'>quaeSO,</span> <span class='ocrx_word' id='word_1_249' title='bbox 2480 2948 2723 3012; x_wconf 85' lang='lat' dir='ltr'>eruditi</span> 
     </span>
     <span class='ocr_line' id='line_1_32' title="bbox 640 2968 2721 3117; baseline 0 -22"><span class='ocrx_word' id='word_1_250' title='bbox 640 2968 950 3095; x_wconf 64' lang='lat' dir='ltr'>Eomines</span> <span class='ocrx_word' id='word_1_251' title='bbox 981 3028 1386 3117; x_wconf 86' lang='lat' dir='ltr'>diligentius,</span> <span class='ocrx_word' id='word_1_252' title='bbox 1428 3052 1601 3093; x_wconf 89' lang='lat' dir='ltr'>num</span> <span class='ocrx_word' id='word_1_253' title='bbox 1629 3030 1794 3095; x_wconf 89' lang='lat' dir='ltr'>Alba</span> <span class='ocrx_word' id='word_1_254' title='bbox 1818 3028 2020 3095; x_wconf 86' lang='lat' dir='ltr'>latina</span> <span class='ocrx_word' id='word_1_255' title='bbox 2042 3031 2206 3096; x_wconf 87' lang='lat' dir='ltr'>urbs</span> <span class='ocrx_word' id='word_1_256' title='bbox 2242 3030 2319 3097; x_wconf 90' lang='lat' dir='ltr'>ab</span> <span class='ocrx_word' id='word_1_257' title='bbox 2356 3030 2491 3095; x_wconf 90' lang='lat' dir='ltr'>eius</span> <span class='ocrx_word' id='word_1_258' title='bbox 2516 3035 2721 3095; x_wconf 84' lang='lat' dir='ltr'>sacri-</span> 
     </span>
     <span class='ocr_line' id='line_1_33' title="bbox 641 3112 2649 3200; baseline -0.001 -21"><span class='ocrx_word' id='word_1_259' title='bbox 641 3112 774 3179; x_wconf 89' lang='lat' dir='ltr'>ficii</span> <span class='ocrx_word' id='word_1_260' title='bbox 793 3116 940 3180; x_wconf 89' lang='lat' dir='ltr'>iure</span> <span class='ocrx_word' id='word_1_261' title='bbox 966 3115 1051 3179; x_wconf 86' lang='lat' dir='ltr'>sit</span> <span class='ocrx_word' id='word_1_262' title='bbox 1080 3114 1483 3180; x_wconf 83' lang='lat' dir='ltr'>excludenda</span> <span class='ocrx_word' id='word_1_263' title='bbox 1501 3160 1521 3195; x_wconf 91' lang='lat'>‚</span> <span class='ocrx_word' id='word_1_264' title='bbox 1566 3113 1749 3200; x_wconf 90' lang='lat' dir='ltr'>quod</span> <span class='ocrx_word' id='word_1_265' title='bbox 1778 3114 1923 3181; x_wconf 76' lang='lat' dir='ltr'>vult</span> <span class='ocrx_word' id='word_1_266' title='bbox 1949 3116 2207 3180; x_wconf 88' lang='lat' dir='ltr'>criticus</span> <span class='ocrx_word' id='word_1_267' title='bbox 2240 3114 2649 3181; x_wconf 84' lang='lat' dir='ltr'>Genevensis.</span> 
     </span>
    </p>
   </div>
   <div class='ocr_carea' id='block_1_6' title="bbox 575 3247 2722 3750">
    <p class='ocr_par' dir='ltr' id='par_1_7' title="bbox 575 3247 2722 3750">
     <span class='ocr_line' id='line_1_34' title="bbox 811 3247 2721 3334; baseline 0 -20"><span class='ocrx_word' id='word_1_268' title='bbox 811 3256 916 3315; x_wconf 89' lang='grc'>10.</span> <span class='ocrx_word' id='word_1_269' title='bbox 1001 3248 1060 3312; x_wconf 90' lang='grc' dir='ltr'>Ε</span> <span class='ocrx_word' id='word_1_270' title='bbox 1111 3248 1342 3313; x_wconf 84' lang='lat' dir='ltr'>multis</span> <span class='ocrx_word' id='word_1_271' title='bbox 1397 3270 1558 3333; x_wconf 86' lang='lat' dir='ltr'>quas</span> <span class='ocrx_word' id='word_1_272' title='bbox 1612 3247 1924 3334; x_wconf 79' lang='lat' dir='ltr'>repetitas</span> <span class='ocrx_word' id='word_1_273' title='bbox 1971 3250 2165 3313; x_wconf 82' lang='lat' dir='ltr'>audio</span> <span class='ocrx_word' id='word_1_274' title='bbox 2210 3250 2543 3315; x_wconf 86' lang='lat' dir='ltr'>Ciceronis</span> <span class='ocrx_word' id='word_1_275' title='bbox 2590 3252 2721 3314; x_wconf 88' lang='lat' dir='ltr'>mei</span> 
     </span>
     <span class='ocr_line' id='line_1_35' title="bbox 641 3328 2719 3419; baseline 0.001 -25"><span class='ocrx_word' id='word_1_276' title='bbox 641 3328 1037 3395; x_wconf 82' lang='lat' dir='ltr'>editionibus</span> <span class='ocrx_word' id='word_1_277' title='bbox 1048 3378 1068 3410; x_wconf 89' lang='lat'>,</span> <span class='ocrx_word' id='word_1_278' title='bbox 1111 3344 1248 3395; x_wconf 83' lang='lat' dir='ltr'>tres</span> <span class='ocrx_word' id='word_1_279' title='bbox 1286 3333 1358 3395; x_wconf 91' lang='lat' dir='ltr'>in</span> <span class='ocrx_word' id='word_1_280' title='bbox 1395 3354 1577 3394; x_wconf 88' lang='lat' dir='ltr'>meas</span> <span class='ocrx_word' id='word_1_281' title='bbox 1616 3353 1853 3395; x_wconf 86' lang='lat' dir='ltr'>manus</span> <span class='ocrx_word' id='word_1_282' title='bbox 1890 3345 2245 3413; x_wconf 85' lang='lat' dir='ltr'>venerunt,</span> <span class='ocrx_word' id='word_1_283' title='bbox 2292 3356 2533 3419; x_wconf 85' lang='lat' dir='ltr'>eaeque</span> <span class='ocrx_word' id='word_1_284' title='bbox 2566 3346 2719 3397; x_wconf 87' lang='lat' dir='ltr'>tan-</span> 
     </span>
     <span class='ocr_line' id='line_1_36' title="bbox 575 3412 2721 3504; baseline 0.003 -30"><span class='ocrx_word' id='word_1_285' title='bbox 575 3432 580 3435; x_wconf 87' lang='lat'>·</span> <span class='ocrx_word' id='word_1_286' title='bbox 637 3412 1002 3477; x_wconf 87' lang='lat' dir='ltr'>tummodo</span> <span class='ocrx_word' id='word_1_287' title='bbox 1046 3415 1354 3499; x_wconf 87' lang='lat' dir='ltr'>priorum</span> <span class='ocrx_word' id='word_1_288' title='bbox 1402 3414 1613 3480; x_wconf 85' lang='lat' dir='ltr'>trium</span> <span class='ocrx_word' id='word_1_289' title='bbox 1659 3414 2040 3479; x_wconf 78' lang='lat' dir='ltr'>orationum</span> <span class='ocrx_word' id='word_1_290' title='bbox 2076 3440 2215 3501; x_wconf 74' lang='lat' dir='ltr'>pro</span> <span class='ocrx_word' id='word_1_291' title='bbox 2250 3418 2545 3495; x_wconf 82' lang='lat' dir='ltr'>Scauro,</span> <span class='ocrx_word' id='word_1_292' title='bbox 2576 3442 2721 3504; x_wconf 81' lang='lat' dir='ltr'>pro</span> 
     </span>
     <span class='ocr_line' id='line_1_37' title="bbox 649 3494 2720 3581; baseline 0.002 -22"><span class='ocrx_word' id='word_1_293' title='bbox 649 3494 873 3559; x_wconf 79' lang='lat' dir='ltr'>Tullio</span> <span class='ocrx_word' id='word_1_294' title='bbox 914 3505 974 3559; x_wconf 89' lang='lat' dir='ltr'>et</span> <span class='ocrx_word' id='word_1_295' title='bbox 999 3520 1142 3581; x_wconf 77' lang='lat' dir='ltr'>pro</span> <span class='ocrx_word' id='word_1_296' title='bbox 1175 3494 1455 3573; x_wconf 75' lang='lat' dir='ltr'>Flacoe,</span> <span class='ocrx_word' id='word_1_297' title='bbox 1500 3496 1801 3561; x_wconf 88' lang='lat' dir='ltr'>Romana</span> <span class='ocrx_word' id='word_1_298' title='bbox 1830 3497 2121 3563; x_wconf 81' lang='lat' dir='ltr'>videlicet</span> <span class='ocrx_word' id='word_1_299' title='bbox 2153 3499 2720 3565; x_wconf 75' lang='lat' dir='ltr'>Francofurtensis</span> 
     </span>
     <span class='ocr_line' id='line_1_38' title="bbox 642 3578 2720 3673; baseline 0.002 -30"><span class='ocrx_word' id='word_1_300' title='bbox 642 3590 837 3665; x_wconf 86' lang='lat' dir='ltr'>atquc</span> <span class='ocrx_word' id='word_1_301' title='bbox 851 3578 1276 3644; x_wconf 83' lang='lat' dir='ltr'>KilonicnsiS.</span> <span class='ocrx_word' id='word_1_302' title='bbox 1317 3580 1404 3643; x_wconf 79' lang='lat' dir='ltr'>Et</span> <span class='ocrx_word' id='word_1_303' title='bbox 1435 3580 1513 3642; x_wconf 88' lang='lat' dir='ltr'>dc</span> <span class='ocrx_word' id='word_1_304' title='bbox 1539 3580 1791 3643; x_wconf 87' lang='lat' dir='ltr'>duabus</span> <span class='ocrx_word' id='word_1_305' title='bbox 1824 3582 2091 3666; x_wconf 87' lang='lat' dir='ltr'>quidem</span> <span class='ocrx_word' id='word_1_306' title='bbox 2120 3585 2720 3673; x_wconf 85' lang='lat' dir='ltr'>p1·ioribus‚quon-</span> 
     </span>
     <span class='ocr_line' id='line_1_39' title="bbox 641 3658 2722 3750; baseline 0.001 -22"><span class='ocrx_word' id='word_1_307' title='bbox 641 3664 776 3728; x_wconf 88' lang='lat' dir='ltr'>iam</span> <span class='ocrx_word' id='word_1_308' title='bbox 823 3685 933 3728; x_wconf 89' lang='lat' dir='ltr'>eae</span> <span class='ocrx_word' id='word_1_309' title='bbox 969 3663 1052 3727; x_wconf 85' lang='lat' dir='ltr'>ad</span> <span class='ocrx_word' id='word_1_310' title='bbox 1096 3658 1444 3750; x_wconf 82' lang='lat' dir='ltr'>exemplar</span> <span class='ocrx_word' id='word_1_311' title='bbox 1476 3662 1959 3731; x_wconf 87' lang='lat' dir='ltr'>Mediolanense</span> <span class='ocrx_word' id='word_1_312' title='bbox 2000 3678 2262 3734; x_wconf 78' lang='lat' dir='ltr'>exactae</span> <span class='ocrx_word' id='word_1_313' title='bbox 2301 3679 2488 3747; x_wconf 87' lang='lat' dir='ltr'>sunt,</span> <span class='ocrx_word' id='word_1_314' title='bbox 2551 3668 2722 3735; x_wconf 85' lang='lat' dir='ltr'>nihil</span> 
     </span>
    </p>
   </div>
   <div class='ocr_carea' id='block_1_7' title="bbox 629 3846 2721 4194">
    <p class='ocr_par' dir='ltr' id='par_1_8' title="bbox 707 3846 1963 3921">
     <span class='ocr_line' id='line_1_40' title="bbox 707 3846 1963 3921; baseline 0.006 -23"><span class='ocrx_word' id='word_1_315' title='bbox 707 3850 813 3913; x_wconf 74' lang='lat'>25)</span> <span class='ocrx_word' id='word_1_316' title='bbox 849 3848 930 3900; x_wconf 82' lang='lat' dir='ltr'>Ad</span> <span class='ocrx_word' id='word_1_317' title='bbox 951 3854 1093 3902; x_wconf 77' lang='lat' dir='ltr'>orat.</span> <span class='ocrx_word' id='word_1_318' title='bbox 1103 3869 1206 3921; x_wconf 82' lang='lat' dir='ltr'>pro</span> <span class='ocrx_word' id='word_1_319' title='bbox 1225 3850 1453 3902; x_wconf 79' lang='lat' dir='ltr'>Plancio</span> <span class='ocrx_word' id='word_1_320' title='bbox 1466 3846 1560 3903; x_wconf 81' lang='lat' dir='ltr'>IX.</span> <span class='ocrx_word' id='word_1_321' title='bbox 1577 3853 1626 3905; x_wconf 83' lang='lat'>1.</span> <span class='ocrx_word' id='word_1_322' title='bbox 1726 3848 1963 3906; x_wconf 79' lang='lat' dir='ltr'>libidini.</span> 
     </span>
    </p>

    <p class='ocr_par' dir='ltr' id='par_1_9' title="bbox 629 3916 2721 4194">
     <span class='ocr_line' id='line_1_41' title="bbox 708 3916 2721 3991; baseline 0.002 -22"><span class='ocrx_word' id='word_1_323' title='bbox 708 3920 810 3985; x_wconf 80' lang='lat'>26)</span> <span class='ocrx_word' id='word_1_324' title='bbox 846 3918 941 3971; x_wconf 86' lang='lat' dir='ltr'>Ed.</span> <span class='ocrx_word' id='word_1_325' title='bbox 967 3918 1079 3973; x_wconf 77' lang='lat' dir='ltr'>Kil.</span> <span class='ocrx_word' id='word_1_326' title='bbox 1107 3918 1279 3969; x_wconf 87' lang='lat' dir='ltr'>trium</span> <span class='ocrx_word' id='word_1_327' title='bbox 1308 3916 1628 3971; x_wconf 73' lang='lat' dir='ltr'>oration‘um</span> <span class='ocrx_word' id='word_1_328' title='bbox 1796 3922 1899 3989; x_wconf 74' lang='lat'>27)</span> <span class='ocrx_word' id='word_1_329' title='bbox 1938 3924 2109 3973; x_wconf 81' lang='lat' dir='ltr'>*Tum</span> <span class='ocrx_word' id='word_1_330' title='bbox 2150 3922 2336 3989; x_wconf 77' lang='lat' dir='ltr'>potius</span> <span class='ocrx_word' id='word_1_331' title='bbox 2373 3922 2721 3991; x_wconf 83' lang='lat' dir='ltr'>iungendum</span> 
     </span>
     <span class='ocr_line' id='line_1_42' title="bbox 629 3988 2721 4055; baseline 0.003 -20"><span class='ocrx_word' id='word_1_332' title='bbox 629 4004 734 4055; x_wconf 81' lang='lat' dir='ltr'>pro</span> <span class='ocrx_word' id='word_1_333' title='bbox 798 3992 1002 4040; x_wconf 82' lang='lat' dir='ltr'>Scauro</span> <span class='ocrx_word' id='word_1_334' title='bbox 1046 3994 1154 4037; x_wconf 87' lang='lat' dir='ltr'>etc.</span> <span class='ocrx_word' id='word_1_335' title='bbox 1221 4004 1276 4053; x_wconf 89' lang='lat' dir='ltr'>p.</span> <span class='ocrx_word' id='word_1_336' title='bbox 1322 3989 1408 4042; x_wconf 81' lang='lat'>29.</span> <span class='ocrx_word' id='word_1_337' title='bbox 1482 3988 1623 4055; x_wconf 46' lang='lat' dir='ltr'><strong>MAI.</strong></span> <span class='ocrx_word' id='word_1_338' title='bbox 1726 3991 1980 4043; x_wconf 76' lang='lat' dir='ltr'>hosciae-</span> <span class='ocrx_word' id='word_1_339' title='bbox 1998 3994 2180 4043; x_wconf 74' lang='lat' dir='ltr'>carnis</span> <span class='ocrx_word' id='word_1_340' title='bbox 2224 3990 2277 4041; x_wconf 85' lang='lat' dir='ltr'>h.</span> <span class='ocrx_word' id='word_1_341' title='bbox 2327 4007 2373 4042; x_wconf 83' lang='lat' dir='ltr'>e.</span> <span class='ocrx_word' id='word_1_342' title='bbox 2423 3992 2605 4043; x_wconf 77' lang='lat' dir='ltr'>carnis</span> <span class='ocrx_word' id='word_1_343' title='bbox 2651 3992 2721 4042; x_wconf 83' lang='lat' dir='ltr'>de</span> 
     </span>
     <span class='ocr_line' id='line_1_43' title="bbox 635 4056 2719 4128; baseline 0.004 -26"><span class='ocrx_word' id='word_1_344' title='bbox 635 4057 662 4083; x_wconf 72' lang='lat'>¹·</span> <span class='ocrx_word' id='word_1_345' title='bbox 678 4056 828 4105; x_wconf 79' lang='lat' dir='ltr'>Haec</span> <span class='ocrx_word' id='word_1_346' title='bbox 859 4056 1074 4107; x_wconf 83' lang='lat' dir='ltr'>notatio</span> <span class='ocrx_word' id='word_1_347' title='bbox 1100 4056 1169 4105; x_wconf 81' lang='lat' dir='ltr'>ad</span> <span class='ocrx_word' id='word_1_348' title='bbox 1196 4056 1248 4121; x_wconf 69' lang='lat'>§-</span> <span class='ocrx_word' id='word_1_349' title='bbox 1266 4056 1352 4110; x_wconf 84' lang='lat'>35.</span> <span class='ocrx_word' id='word_1_350' title='bbox 1377 4072 1432 4123; x_wconf 89' lang='lat' dir='ltr'>p.</span> <span class='ocrx_word' id='word_1_351' title='bbox 1448 4058 1565 4110; x_wconf 84' lang='lat'><strong>194.</strong></span> <span class='ocrx_word' id='word_1_352' title='bbox 1578 4070 1621 4109; x_wconf 74' lang='grc' dir='ltr'>ε.</span> <span class='ocrx_word' id='word_1_353' title='bbox 1726 4056 1969 4109; x_wconf 81' lang='lat' dir='ltr'>victima.</span> <span class='ocrx_word' id='word_1_354' title='bbox 2026 4058 2109 4109; x_wconf 83' lang='lat' dir='ltr'>Cf.</span> <span class='ocrx_word' id='word_1_355' title='bbox 2139 4060 2177 4110; x_wconf 82' lang='lat'>1.</span> <span class='ocrx_word' id='word_1_356' title='bbox 2208 4064 2281 4110; x_wconf 85' lang='lat' dir='ltr'>ad</span> <span class='ocrx_word' id='word_1_357' title='bbox 2304 4067 2423 4114; x_wconf 69' lang='lat' dir='ltr'>Aet.</span> <span class='ocrx_word' id='word_1_358' title='bbox 2450 4082 2479 4112; x_wconf 85' lang='lat' dir='ltr'>e</span> <span class='ocrx_word' id='word_1_359' title='bbox 2520 4098 2532 4111; x_wconf 91' lang='lat'><strong><em>.</em></strong></span> <span class='ocrx_word' id='word_1_360' title='bbox 2566 4060 2615 4115; x_wconf 80' lang='grc'>3.</span> <span class='ocrx_word' id='word_1_361' title='bbox 2632 4078 2719 4128; x_wconf 89' lang='lat' dir='ltr'>pr.</span> 
     </span>
     <span class='ocr_line' id='line_1_44' title="bbox 638 4119 2513 4194; baseline 0.005 -24"><span class='ocrx_word' id='word_1_362' title='bbox 638 4119 797 4172; x_wconf 83' lang='lat' dir='ltr'>obest</span> <span class='ocrx_word' id='word_1_363' title='bbox 831 4124 1016 4191; x_wconf 79' lang='lat' dir='ltr'>potius</span> <span class='ocrx_word' id='word_1_364' title='bbox 1043 4123 1321 4175; x_wconf 81' lang='lat' dir='ltr'>inserendi</span> <span class='ocrx_word' id='word_1_365' title='bbox 1362 4124 1622 4191; x_wconf 78' lang='lat' dir='ltr'>copulam</span> <span class='ocrx_word' id='word_1_366' title='bbox 1793 4128 1893 4191; x_wconf 77' lang='lat'>28)</span> <span class='ocrx_word' id='word_1_367' title='bbox 1928 4126 2113 4194; x_wconf 83' lang='lat' dir='ltr'>Antiq.</span> <span class='ocrx_word' id='word_1_368' title='bbox 2148 4143 2292 4179; x_wconf 83' lang='lat' dir='ltr'>rom.</span> <span class='ocrx_word' id='word_1_369' title='bbox 2313 4130 2395 4181; x_wconf 76' lang='lat' dir='ltr'>[V.</span> <span class='ocrx_word' id='word_1_370' title='bbox 2425 4128 2458 4181; x_wconf 79' lang='lat'>4</span> <span class='ocrx_word' id='word_1_371' title='bbox 2499 4165 2513 4179; x_wconf 94' lang='lat'>.</span> 
     </span>
    </p>
   </div>
   <div class='ocr_carea' id='block_1_8' title="bbox 2816 1494 2835 2515">
    <p class='ocr_par' dir='ltr' id='par_1_10' title="bbox 2816 1164 2835 2515">
     <span class='ocr_line' id='line_1_45' title="bbox 2818 1494 2827 1549; baseline 0 -76"><span class='ocrx_word' id='word_1_372' title='bbox 2818 1494 2827 1549; x_wconf 11' lang='grc' dir='ltr'>ἡ</span> 
     </span>
     <span class='ocr_line' id='line_1_46' title="bbox 2823 1608 2829 1791; baseline 0 0"><span class='ocrx_word' id='word_1_373' title='bbox 2823 1608 2829 1791; x_wconf 55' lang='grc' dir='ltr'>ι</span> 
     </span>
     <span class='ocr_line' id='line_1_47' title="bbox 2816 1832 2831 2047; baseline 0 0"><span class='ocrx_word' id='word_1_374' title='bbox 2816 1832 2831 2047; x_wconf 56' lang='lat' dir='ltr'>&#39;l</span> 
     </span>
     <span class='ocr_line' id='line_1_48' title="bbox 2816 2277 2835 2515; baseline 0 0"><span class='ocrx_word' id='word_1_375' title='bbox 2816 2277 2835 2515; x_wconf 47' lang='lat'>24</span> 
     </span>
    </p>
   </div>
  </div>
 </body>
</html>
