2859 4617
518 316 661 389 ιω
702 300 713 309 “
1297 307 1362 374 o
1400 304 1464 375 R
1506 306 1568 374 Δ
1605 304 1746 375 ΤΊ
1795 306 1864 374 o

514 513 652 559 non
688 488 903 557 fracta
918 484 955 554 ἓ
1056 479 1195 569 Qui
1230 484 1438 576 igitur
1469 482 1544 551 id
1586 484 1849 553 factum
1895 490 1996 551 est
2009 481 2044 551 Ρ
2148 480 2329 568 Quia
2351 484 2628 555 dedisti·

514 592 715 676 mihi,
769 589 1025 675 Triari,
1094 588 1285 679 quod
1334 587 1664 655 diluerem
1681 634 1702 671 ‚
1754 588 1824 653 in
1865 608 2003 675 quo
2049 600 2612 679 arg-umentem,

514 695 607 763 de
632 716 771 783 quo
802 693 1248 785 disputarem3
1300 690 1458 779 qnia
1478 712 1692 780 genus
1721 689 2050 757 eiusmodi
2066 689 2196 757 fuit
2219 692 2605 777 amnium,

510 797 701 888 quod
744 818 883 865 non
926 804 1147 863 totum
1192 792 1528 889 penderet
1581 814 1680 861 ex·
1717 801 1920 879 teste,
2003 792 2126 861 sed
2183 794 2376 883 quod
2413 816 2612 888 pon-

410 1022 421 1045 ,
506 983 709 1051 gestis,
744 983 805 1033 in
834 979 1031 1051 quibus
1056 997 1166 1030 non
1183 990 1371 1048 potest
1401 996 1501 1028 re·
1600 971 1834 1025 consilio
1879 975 2153 1041 oratoris,
2225 974 2324 1045 qui
2365 974 2606 1031 omnefn

509 1052 744 1103 sidere
804 1052 1038 1101 inertiae
1094 1061 1212 1098 ‹zuc-
1252 1047 1502 1098 levitatis
1597 1041 1836 1093 testibus
1863 1042 2038 1095 fidem
2067 1044 2440 1115 abrogaverit·
2492 1048 2604 1102 CR.

509 1120 620 1171 ull
630 1138 666 1170 a
700 1120 1034 1185 suspicio.
1103 1120 1247 1164 Ante
1270 1132 1321 1167 v,
1355 1117 1498 1165 resi·
1596 1110 1794 1162 Refert
1831 1110 1981 1165 haud
2010 1114 2200 1182 parvi,
2250 1122 2382 1166 utro
2423 1116 2602 1169 medo

506 1189 602 1239 det
649 1202 679 1237 e
702 1183 963 1251 Peyronis
1002 1181 1087 1238 ed.
1115 1182 1302 1234 nescio
1339 1181 1497 1233 cuius
1593 1188 1840 1259 ponatur
1884 1202 2009 1259 noti.
2115 1182 2172 1237 si
2217 1185 2604 1255 postponitur,

504 1252 850 1323 negligentia
898 1250 1102 1305 excidit
1134 1250 1495 1321 compellatio
1593 1264 1709 1299 vim
1740 1250 2080 1302 nanciscitur
2105 1268 2154 1305 v.
2184 1266 2376 1317 totum,
2396 1263 2453 1306 et
2469 1271 2600 1306 sen-

504 1326 741 1375 Iudices.

576 1390 1035 1463 Argumentarer]
1098 1387 1273 1441 Huius
1320 1405 1500 1441 voca-

504 1459 623 1513 buli
661 1458 749 1511 vix
790 1459 1009 1529 aliquae
1044 1458 1266 1513 litterae
1306 1474 1500 1526 super-

503 1538 631 1581 sunt
654 1528 708 1580 in
740 1528 957 1583 codice.
1006 1528 1359 1599 Argumentis
1387 1527 1498 1579 fuit

485 1598 793 1651 ·utendum.
864 1602 984 1651 Iam
1022 1615 1151 1649 cum
1190 1612 1498 1667 argumen-

502 1678 629 1719 tum
672 1668 743 1720 sit
772 1670 1055 1740 probabile
1108 1672 1385 1721 inventum
1420 1668 1498 1719 ad

488 1738 814 1808 faciendam
840 1738 1014 1803 fidem
1056 1736 1248 1787 Cicero
1280 1742 1496 1787 Orator.

500 1808 706 1859 Parcit.
736 1807 787 1859 2.
820 1804 899 1873 [ᾗ.
928 1806 977 1859 5.
1000 1802 1056 1869 l,
1102 1804 1327 1873 nequivi
1370 1821 1496 1859 rem

502 1872 575 1923 ad
637 1873 801 1923 illum
861 1870 1210 1923 certitudinis
1254 1872 1496 1941 gradum

500 1941 835 2009 perducere,
875 1940 933 1991 in
978 1958 1087 2009 quo
1117 1940 1271 1992 nulla
1302 1957 1494 2007 super-

501 2018 644 2061 esset
668 2009 923 2079 suspici0.
958 2010 1152 2065 PEYR.
1219 2008 1495 2063 *Videtur

500 2083 567 2133 V.
600 2080 657 2133 D.
682 2078 857 2147 lepidi
894 2078 1033 2130 dicti
1068 2076 1251 2149 gratia
1296 2077 1492 2129 mode-

500 2148 663 2201 stiam
704 2165 843 2217 prae
887 2165 946 2200 se
981 2146 1150 2203 ferre.
1240 2150 1383 2200 Nam
1418 2165 1492 2201 ne

498 2227 833 2288 argumento
885 2216 1111 2287 quidem
1172 2234 1308 2288 opus
1360 2217 1492 2285 fuit,

499 2304 632 2340 cum
680 2288 793 2339 iam
831 2286 1006 2347 Maius
1055 2296 1175 2339 tam
1214 2287 1492 2358 sagaciter

498 2357 706 2410 codicis
744 2357 959 2409 litteras
1014 2356 1273 2425 eruisset,
1335 2356 1496 2411 nulla

496 2435 561 2479 ut
592 2426 865 2479 resideret
898 2426 1157 2495 suspicio.

504 2528 511 2535 -
572 2498 725 2558 Quod
762 2517 869 2552 non
912 2510 1085 2547 totum
1115 2516 1174 2566 p.
1210 2516 1276 2546 ex
1317 2493 1490 2561 ceste]

495 2564 738 2615 Rursum
782 2580 886 2633 ego
928 2562 1139 2627 audax,
1176 2562 1272 2641 qui
1317 2562 1492 2613 finem

496 2640 553 2683 et
594 2631 828 2683 modum
871 2629 1204 2683 emendandi
1240 2646 1355 2681 non
1391 2630 1492 2681 ha-

486 2698 679 2750 beam.
764 2698 873 2750 Sed
907 2699 1051 2750 bene
1110 2708 1220 2765 est,
1275 2700 1321 2750 si
1367 2698 1490 2751 aliis

492 2768 640 2821 viam
671 2766 909 2819 meliora
934 2766 1281 2819 monstrandi
1308 2765 1489 2835 praei-

492 2852 609 2899 ero.
657 2838 807 2907 Lego
836 2854 938 2907 per
964 2836 1486 2904 transpositionem:

490 2910 637 2979 quod
664 2922 839 2961 totum
878 2928 984 2961 non
1012 2910 1264 2977 perederet
1304 2928 1371 2959 ex
1397 2922 1486 2958 te-

486 2992 604 3038 ste5
658 2976 719 3029 id
766 2977 917 3029 enim
959 2976 1137 3047 magis
1184 2974 1486 3046 respondet

1599 1332 1689 1368 sus
1730 1326 1841 1371 est:
1896 1320 2110 1371 crimen
2150 1328 2336 1372 totum
2366 1322 2600 1391 quidem

1598 1402 1713 1437 non
1740 1387 1986 1455 pendere
2009 1405 2042 1440 a
2067 1397 2223 1455 teste,
2247 1389 2346 1441 sed
2375 1408 2441 1443 ex
2462 1409 2598 1461 par-

1551 1464 1560 1471 ·
1597 1462 1656 1505 te
1685 1464 1893 1512 tamen.
1963 1458 2132 1527 Atqui
2161 1475 2390 1512 omnem
2427 1460 2596 1513 testi-

1595 1523 1702 1575 hus
1727 1525 1897 1578 fidem
1943 1528 2194 1597 abrogat.
2265 1530 2410 1599 Ergo
2438 1530 2593 1598 prius

1597 1594 1984 1663 puniturum,
2021 1605 2084 1647 ut
2111 1598 2298 1647 sensus
2335 1598 2434 1651 sit:
2479 1597 2590 1651 cri-

1597 1678 1727 1714 men
1751 1664 2000 1729 minime,
2019 1682 2116 1717 seu
2141 1664 2293 1717 nulla
2321 1684 2386 1720 ex
2407 1677 2586 1738 parte,

1596 1732 1842 1801 pendere
1870 1751 1903 1785 a
1925 1742 2082 1789 teste.
2135 1735 2296 1801 Quod
2325 1754 2484 1789 secus
2502 1746 2584 1788 est

1595 1808 1788 1853 nostra
1809 1800 1869 1853 in
1889 1802 2096 1873 lingua,
2133 1822 2275 1873 quae
2301 1806 2582 1859 inversum

1592 1870 1895 1922 verborum
1948 1872 2205 1925 ordinem
2250 1884 2437 1928 tenet:
2485 1884 2580 1941 ·ut‚

1596 1939 1748 2007 quod
1773 1940 1956 1991 Latini
1999 1942 2191 1995 dicunt
2217 1942 2328 1997 hoc
2371 1944 2578 2011 ordine,

1593 2023 1768 2061 totum
1802 2030 1938 2073 non,
1974 2010 2031 2061 id
2070 2012 2252 2081 ipsum
2295 2012 2397 2081 sit,
2435 2014 2576 2084 quod

1593 2080 1795 2129 Orator
1839 2077 2024 2131 dicere
2064 2098 2178 2131 non
2219 2081 2371 2149 vult,
2427 2084 2577 2135 nicht

1591 2145 1826 2197 allerdin
1869 2164 1894 2197 s
1908 2172 1922 2213 ;
1973 2158 2030 2200 at
2067 2170 2172 2203 non
2212 2164 2384 2203 totum
2419 2152 2576 2223 plane

1589 2214 1662 2267 sit
1702 2214 1805 2267 illu
1857 2256 1873 2283 ,
1913 2217 2062 2286 quod
2101 2218 2246 2281 vult,
2286 2220 2577 2293 allerdings

1591 2284 1766 2338 nicht.
1837 2286 2086 2339 Advertit
2110 2287 2217 2339 hoc
2258 2307 2480 2360 quoque
2515 2302 2573 2346 Δ.

1593 2355 1660 2405 G.
1695 2352 1982 2420 Gehlium‚
2017 2356 2076 2407 in
2102 2356 2246 2409 libro
2285 2360 2368 2411 sic
2388 2361 2577 2413 inscri-

1591 2432 1719 2491 pto:
1773 2424 1932 2475 Ratio
1961 2426 2324 2479 ordinationis
2361 2430 2576 2483 verbor.

1588 2492 1786 2561 priscis
1808 2494 2072 2545 Romanis
2099 2512 2241 2551 saec.
2273 2515 2442 2550 aureo
2471 2498 2577 2550 usi-

1595 2568 1764 2613 tatae.
1800 2563 1997 2617 Hamb.
2013 2564 2160 2617 1746.
2198 2567 2384 2620 Praec.
2401 2570 2572 2621 XXII.

1589 2646 1647 2698 p.
1677 2631 1761 2685 64.
1833 2636 1903 2681 At
1938 2632 2088 2703 fugit
2128 2632 2264 2687 alios
2300 2652 2460 2704 saepe
2485 2653 2574 2689 ra-

1589 2698 1698 2765 tio,
1734 2706 1796 2749 ut
1840 2702 2181 2753 Gronovium
2210 2722 2297 2773 ap.
2339 2706 2455 2760 Liv.
2483 2708 2570 2772 ΙΙΙ,

1587 2767 1674 2823 41.
1734 2768 1792 2819 in
1831 2770 2013 2821 verbis
2053 2770 2239 2841 Appii:
2309 2778 2436 2830 Non
2469 2781 2570 2829 erit
2617 2767 2627 2776 ’

1585 2839 1793 2903 melius,
1817 2847 1922 2894 etc.
1981 2856 2108 2891 uem
2137 2858 2452 2899 sermonem
2467 2861 2568 2913 pro

1582 2906 1810 2959 turbato
1855 2907 1903 2961 is
1988 2909 2144 2963 abet:
2207 2914 2567 2981 quemadmo-

1584 2972 1716 3031 dum
1743 2986 1892 3047 sunt,
1929 2979 2024 3049 qui
2055 2978 2126 3031 ad
2151 2980 2411 3035 confusas
2440 3000 2567 3035 eon-

662 3154 761 3215 14.
810 3148 1055 3225 Cecidit
1078 3148 1263 3212 locus
1280 3147 1660 3211 eommunis
1689 3146 1978 3235 duplex=
2009 3170 2202 3228 unuS,
2221 3172 2566 3238 argumen-

486 3230 569 3293 tis
598 3254 731 3295 esse
762 3233 1193 3310 credendum3
1240 3234 1420 3302 alter,
1465 3231 1739 3295 testibus
1767 3254 1906 3295 non
1935 3232 2354 3299 credendum.

2403 3238 2563 3317 Quis·

484 3336 626 3377 non
654 3328 843 3379 testes
890 3310 1859 3416 argumentis·[poptlcabefth-Z?
1923 3316 2380 3417 SCJHOLIUM
2421 3324 2563 3387 PA-

487 3396 761 3461 LIMPS.
804 3400 1179 3463 AMBROS.
1224 3414 1506 3465 minutis
1552 3400 1938 3467 rudwrzbus
1967 3402 2235 3469 lateri-3.

556 3563 795 3633 Cecidit]
854 3565 1117 3637 Coi-rigo:
1188 3570 1478 3639 Sequitur,-

484 3634 635 3705 quod
678 3651 809 3686 cum
846 3638 1118 3703 scriptum
1160 3645 1300 3687 esset
1337 3641 1477 3689 ceci-

481 3720 606 3768 tur,
656 3703 795 3755 fecit
834 3704 961 3756 inde
1002 3704 1219 3757 incuria
1258 3708 1475 3759 cecidit.

386 3801 395 3807 ·
482 3779 527 3828 Β
551 3784 606 3827 et
632 3796 663 3827 c
682 3774 903 3826 litterae
924 3782 1051 3825 sunt
1075 3774 1283 3837 aflines,
1318 3774 1475 3826 ideo-

482 3846 593 3911 que
637 3851 695 3895 et
744 3843 1031 3914 loquendo
1080 3853 1137 3897 et
1172 3844 1470 3897 scribendo

479 3910 791 3977 permutari
830 3914 1039 3978 solent3
1092 3938 1121 3966 c
1154 3924 1339 3975 autem
1364 3932 1470 3983 pro

482 3998 555 4049 qu
580 3980 844 4049 frequens
872 3992 953 4035 est
990 3984 1266 4053 scriptura
1304 3984 1361 4034 in
1388 3984 1471 4035 la-

479 4043 699 4114 pidibus
728 4059 783 4100 et
800 4052 966 4107 codd.
982 4091 996 4117 ‚
1034 4054 1185 4105 velut
1212 4058 1341 4107 sicis
1362 4070 1470 4123 pro

478 4118 673 4185 siquiS‚
712 4122 899 4171 cintus
912 4137 1019 4187 pro
1048 4125 1295 4185 Quintus.
1332 4122 1470 4175 Vide

478 4182 861 4252 Scaliger-anos
894 4188 1107 4241 indices
1138 4189 1207 4240 ad
1243 4192 1466 4243 Gruter.

1577 3584 1634 3649 p.
1663 3569 1748 3623 85.
1779 3568 1886 3621 col.
1915 3572 1962 3623 1.
2010 3570 2100 3623 Sic
2126 3571 2244 3653 ipse
2268 3573 2364 3627 hie
2389 3576 2568 3629 Codex

1576 3652 1633 3687 in
1651 3638 1870 3707 Fragm.
1895 3656 2002 3707 pro
2021 3640 2204 3693 Tulho
2231 3642 2292 3723 §.⁶
2307 3647 2357 3699 6.
2385 3666 2566 3701 aecum

1573 3704 2300 3841 ῗὲῗθῐιῖἔῗκῗῖᾚέἕξέ
2320 3730 2564 3835 {effi

1573 3860 1640 3896 ac
1661 3817 1876 3921 prodiit
1909 3818 2078 3899 ducta
2119 3820 2233 3899 vel,
2253 3865 2286 3899 a
2325 3852 2562 3903 sortibus

1571 3914 1661 3965 vel
1692 3932 1726 3965 a
1751 3912 1994 3967 talorum
2017 3917 2170 3968 iactu
2201 3920 2560 3989 metaphora?

1569 3984 1942 4105 Ennimfffv'
1987 3987 2156 4069 etiam
2190 3988 2270 4039 sic
2302 3996 2562 4112 poti-{³313

1569 4060 2194 4195 22235522120331335
2205 4066 2362 4179 {⁶⁸⁰⁸
2468 4117 2472 4120 ·
