2859 4617
520 318 656 385 Μ
1017 308 1431 381 ΔΒΒΕΝΒΑ
1473 308 1600 379 ΕΤ
1637 306 2114 379 EXCURsth

508 506 749 571 poena
780 482 1041 572 agitur,
1082 482 1289 549 modo
1310 482 1459 551 sine
1473 502 1740 569 poena·
1781 502 2205 570 cumpoena,
2235 484 2432 549 velut
2459 506 2646 551 cum

507 591 677 654 Per
738 571 1289 655 sponsionem
1439 569 1611 645 itur3
1683 568 1832 634 sine
1866 591 2140 655 poena,
2205 568 2396 633 velut
2457 595 2640 634 cum

522 651 865 720 arbiter
892 654 1242 741 petitur.
1326 590 1732 741 &quidem
1761 676 1842 717 ex
1933 652 2350 719 roliibitoriis
2391 656 2632 721 inter-

519 734 721 803 dictis
754 761 1018 825 semper
1029 761 1163 824 per
1186 738 1618 836 sponsionem
1647 738 1773 824 agi
1801 677 2002 818 soien-
2025 806 2034 817 ο
2055 764 2136 805 ex
2166 740 2630 803 restitutoriis

516 844 684 886 vero
712 823 827 888 vel
848 822 1263 889 exlzibitorics
1294 822 1498 887 modo
1521 844 1660 908 per
1687 824 2152 920 sponsionem,
2197 822 2408 891 modo
2525 849 2628 889 er

500 900 987 993 formulam
1029 932 1071 971 a
1126 907 1284 987 itur,
1328 929 1500 995 quae
1541 905 2036 983 arbitraria
2075 918 2390 971 vocatur.
2487 930 2622 971 or—

512 988 699 1053 mula
753 991 958 1079 igitur
1010 1015 1081 1055 ar
1130 992 1351 1055 ittaria
1366 1039 1387 1071 ,
1447 1012 1567 1077 per
1601 1012 1810 1074 quam
1856 1014 1893 1054 a
1931 988 2136 1086 Fabio
2187 991 2618 1077 postulatam

390 1110 398 1119 .
512 1070 780 1139 Tullius
814 1076 943 1161 egil.
972 1072 1073 1161 (5.
1104 1072 1208 1161 7.)
1229 1120 1247 1153 ,
1292 1096 1365 1139 ea
1404 1072 1691 1139 habebat
1719 1074 2339 1139 condemnationem
2368 1076 2608 1137 incer-

511 1164 622 1222 tae
660 1160 996 1245 pecuniae.
1094 1156 1407 1225 Incertae
1451 1179 1615 1222 vero
1649 1158 2119 1225 condemnatio
2145 1159 2465 1249 pecuniae
2501 1158 2586 1221 in

442 1304 475 1333 δ
509 1236 809 1339 forrnuIa
842 1240 1123 1329 ponitur
1167 1265 1317 1341 curn
1362 1242 1596 1333 aliqua
1619 1242 2129 1331 praefinitione,
2175 1266 2340 1333 quae
2362 1242 2590 1389 valio

510 1322 765 1389 dicitur
800 1349 979 1389 cum
1021 1338 1504 1393 taxatione.-
1549 1350 1600 1391 e.
1631 1350 1693 1415 g.
1726 1328 1796 1393 P.
1839 1326 2180 1393 FABIUM
2221 1326 2318 1393 M.
2357 1326 2484 1392 TU
2557 1362 2602 1375 --

506 1401 657 1473 LIO
699 1406 1213 1475 DUMTAXAT
1256 1410 1323 1473 X
1366 1410 1616 1477 MILIA
1657 1410 2186 1491 CONDEMNA„
2255 1410 2405 1475 vid.
2445 1412 2606 1475 Gai.

510 1492 689 1556 instt.
723 1506 1155 1562 commentar.
1180 1493 1293 1559 IV.
1325 1494 1385 1577 §.
1412 1502 1519 1564 49.
1547 1502 1653 1566 51.
1691 1520 1729 1563 a
1762 1520 1898 1583 quo
1923 1499 2086 1564 item
2117 1494 2333 1566 refelli
2365 1494 2608 1559 videa—

505 1586 623 1641 tur
644 1576 884 1643 Seneca
912 1603 948 1642 a
986 1580 1179 1643 nobis
1219 1581 1298 1644 ad
1332 1578 1390 1662 5.
1415 1590 1473 1648 7.
1501 1582 1584 1647 de
1627 1582 1980 1647 taxatione
2010 1592 2073 1645 et
2103 1581 2612 1646 ‘aestimatione

440 1670 449 1677 “
505 1656 725 1725 litium
753 1663 1003 1727 citatus,
1065 1662 1145 1727 In
1176 1664 1323 1729 Gaii
1351 1666 1528 1732 enim
1557 1664 1612 1749 §.
1645 1672 1748 1737 52.
1779 1664 2048 1728 iubetur
2071 1664 2316 1729 arbiter
2343 1686 2608 1743 cavere,

504 1747 568 1820 si
594 1752 862 1812 taxatio
874 1750 1109 1835 posita
1130 1750 1233 1827 sit,
1252 1773 1337 1813 ne
1360 1750 1588 1837 pluris
1616 1748 2029 1827 condemnet,
2046 1755 2252 1847 quam
2270 1760 2609 1813 taxatum

502 1831 609 1910 sit,
650 1831 828 1895 alias
857 1834 1037 1896 enim
1070 1834 1191 1915 [ex
1217 1831 1466 1897 indiciis
1491 1832 1617 1899 litt.
1643 1834 1714 1897 in
1743 1832 1884 1897 cod.
1916 1856 2201 1921 corrigez
2247 1834 2606 1921 alioquin]

500 1912 693 1978 litem
728 1938 923 1979 suam
953 1912 1174 2003 facit3
1238 1919 1604 1982 minoris
1657 1930 1892 1983 autem
1937 1918 2277 1985 damnare
2317 1919 2402 1981 ei·
2409 1942 2604 2003 per-

506 1999 790 2062 missum
819 2010 918 2061 est
931 2023 954 2077 ,-
1000 2010 1095 2075 et,
1138 2010 1219 2063 ut
1247 2000 1425 2065 idem
1453 2002 1543 2066 ait
1565 2002 1629 2083 5.
1656 2008 1758 2071 57.
1773 2003 1898 2080 ,‘si
1922 2002 1997 2066 in
2029 2000 2606 2069 condemnatione

556 2080 657 2145 lus
685 2084 991 2169 positum
1020 2086 1130 2167 sit,
1180 2109 1385 2173 quam
1416 2098 1696 2173 oportet,
1743 2089 1994 2152 actoris
2023 2086 2289 2175 quidem
2304 2088 2600 2173 pericu—

480 2104 649 2229 ἔθη
690 2166 948 2231 nullum
988 2179 1114 2249 est,
1172 2170 1295 2235 sed
1342 2170 1570 2255 (reus,
1630 2166 1826 2257 cum)
1866 2172 2172 2261 iniquam
2192 2168 2599 2259 formulam

506 2254 875 2339 acceperit,
941 2254 1016 2317 in
1058 2256 1403 2343 integrum
1446 2254 1856 2333 restituitur,
1915 2268 1990 2319 ut
2030 2257 2379 2321 minuatur
2421 2279 2596 2319 con-

506 2334 878 2403 demnatio·
967 2338 1049 2403 Si
1068 2364 1234 2405 vero
1265 2337 1487 2403 minus
1520 2342 1820 2426 positum
1839 2336 2100 2427 fuerit,
2147 2364 2352 2429 quam
2377 2364 2594 2427 opor-

502 2432 630 2499 tet,
673 2423 797 2487 lzoc
826 2421 1042 2485 solum
1088 2420 1347 2509 (actor)
1392 2426 1847 2513 consequitur,
1893 2423 2073 2513 quod
2097 2426 2371 2511 posuit.-
2413 2449 2589 2488 nam

502 2516 650 2569 tota
691 2508 960 2595 quidem
1008 2531 1115 2572 res
1158 2510 1234 2571 in
1272 2506 1600 2571 iudicium
1641 2508 2026 2585 deducitur,
2086 2509 2586 2609 constringitur

500 2601 729 2677 autem
766 2592 1348 2657 condemnationis
1396 2589 1577 2677 fine,
1668 2616 1872 2681 quam
1917 2593 2118 2657 iudex
2157 2594 2401 2679 'egredi
2443 2618 2584 2657 non

552 2684 731 2738 otest.
819 2672 963 2739 Nec
990 2698 1071 2739 ex
1103 2699 1184 2738 ea
1269 2686 1417 2739 arte
1441 2676 1738 2740 Praetor
1776 2678 1851 2741 in
1879 2678 2228 2765 integrum
2247 2680 2581 2743 restituit.-

484 2695 771 2905 Ztcilius
814 2758 995 2822 enim
1038 2760 1172 2823 reis
1208 2699 1510 2825 §raetor
1557 2766 1910 2842 succurrit,
1978 2787 2182 2851 quam
2220 2762 2581 2828 actoribus.

506 2910 515 2923 ,
566 2838 897 2905 efenditur
924 2840 1139 2907 nihilo
1171 2842 1393 2909 minus
1408 2844 1654 2910 Seneca
1685 2844 1785 2925 iis,
1816 2843 1983 2931 quae
2013 2846 2230 2909 aGaio
2259 2846 2584 2909 adiiciun-

500 2931 648 2989 tur:
703 2926 1083 3015 Loquimur
1114 2938 1334 2994 autem
1359 2954 1513 2995 exce
1561 2931 1645 2993 tis
1686 2928 2056 2996 minorihus
2087 2928 2334 2998 XXV
2355 2955 2584 2995 anno-

498 3032 655 3075 rum
668 3010 701 3075 .·'
751 3035 923 3075 nam
957 3012 1149 3077 liuius
1194 3016 1445 3081 aetatis
1509 3014 1864 3077 lominibus
1911 3016 1988 3079 in
2032 3016 2338 3081 omnibus
2383 3015 2582 3079 rebus

500 3092 717 3182 lapsis
744 3096 1041 3162 Praetor
1070 3100 1415 3165 succurrit.
1502 3097 1606 3164 Ad
1623 3094 1748 3162 hos
1774 3098 1976 3183 igitur
2001 3100 2366 3187 respexisse
2394 3098 2580 3163 vide-

496 3188 613 3243 tur
640 3180 901 3245 Seneca.
990 3182 1195 3261 Quod
1228 3182 1430 3247 Gaius
1459 3180 1568 3247 IV.
1609 3188 1746 3249 141.
1781 3182 2033 3263 scribit,
2077 3184 2260 3269 apud
2283 3182 2573 3260 iudicem

494 3276 1117 3352 recuperatoremve
1186 3267 1355 3331 edita
1422 3265 1751 3331 interdicti
1807 3268 2200 3331 restitutorii
2272 3266 2562 3331 formida

544 3348 759 3428 uaeri,
802 3374 899 3413 an
926 3347 1207 3437 factum
1229 3375 1369 3417 non
1409 3351 1526 3428 sit,
1613 3350 1750 3414 uod
1779 3348 2262 3437 Praetor-fieri
2285 3349 2562 3425 iusserit,

541 3432 646 3494 cui
691 3430 770 3495 cf.
806 3432 894 3496 ib.
932 3432 1205 3521 §.166.)
1242 3435 1309 3499 id
1353 3434 1504 3499 Hau
1551 3374 1742 3499 oddus
1785 3434 1858 3498 in
1904 3434 2144 3500 Savinii
2179 3430 2571 3521 Zeitsclirif't

535 3523 620 3582 tir
639 3516 1759 3607 gesclciclztl.Reclztswissenschast
1783 3541 1841 3583 v.
1855 3516 1967 3583 III.
2037 3566 2052 3582 .
2069 3526 2214 3591 380.
2231 3544 2282 3585 s.
2307 3520 2379 3584 in
2411 3518 2572 3583 duas

496 3600 915 3689 quaestiones
944 3600 1023 3676 de
1045 3602 1280 3667 redditi
1304 3602 1633 3693 interdicti
1658 3600 1938 3667 efficacia
1966 3543 2296 3692 dispescitz
2343 3624 2574 3681 unam,

498 3710 584 3751 an
610 3708 764 3751 reus
794 3706 1027 3774 reapse
1054 3686 1399 3751 interdicto
1447 3708 1709 3753 causam
1763 3684 2030 3753 dederit.
2120 3690 2202 3752 V.
2252 3683 2571 3769 Quinctil.

496 3766 641 3843 VII.
686 3773 869 3837 instt.
905 3795 1005 3838 or.
1048 3796 1098 3837 c.
1123 3776 1181 3841 5.
1234 3770 1490 3836 'Altera
1523 3770 1683 3855 haec
1723 3783 1848 3853 est,
1891 3794 1976 3835 an
2019 3776 2170 3837 reus
2213 3771 2569 3839 interdicto

496 3854 829 3921 Praetoris·
847 3855 1037 3935 nlo'ri'
1073 3864 1143 3921 e'r
1188 3856 1436 3923 fuerit.'
1499 3856 1579 3921 V.
1608 3881 1704 3922 or.
1719 3881 1860 3945 pro
1891 3855 2084 3922 Caec.
2120 3866 2179 3935 8,
2212 3866 2317 3927 23.
2341 3854 2443 3932 303
2470 3862 2569 3923 87.

494 3962 584 3993 ⁶-
626 3950 743 4019 81,
776 3949 875 4008 91.
918 3962 986 4007 π.
1090 3940 1255 4021 LIII.
1301 3948 1401 4009 24.
1447 3938 1669 4030 (quod
1688 3942 1766 4005 vi
1797 3954 1924 4008 aut·
1949 3940 2171 4027 clam)
2211 3941 2428 4009 snm.
2458 3961 2565 4025 pr.

494 4020 615 4089 His
642 4025 911 4109 quidem
938 4025 1428 4110 quaestionibus
1467 4025 1654 4091 nulla
1685 4026 2040 4113 sponsione
2063 4023 2244 4091 facta
2267 4024 2570 4091 adiuncta

493 4118 639 4171 erat
661 4109 873 4189 tertia,
900 4111 1061 4197 quid
1094 4114 1526 4197 qmtufiive,
1556 4110 1612 4174 si
1647 4130 1802 4177 reus
1823 4120 1942 4175 aut
1957 4150 1962 4157 -
1975 4108 2254 4178 omnino
2285 4116 2568 4173 noum
