2859 4617
50 3896 69 4211 aeva-vcta.
50 3828 67 3869 us
50 3744 67 3801 a<
50 3538 65 3721 ,ιιι-μῦ·-
51 3494 54 3513 ⁴-

804 272 921 357 in
962 290 1109 359 ea.
1148 290 1319 359 pao
1360 290 1461 358 M.
1503 288 1894 397 scAURQ.--
2151 331 2156 334 -
2266 298 2394 365 m
2461 314 2468 321 ·

288 482 381 525 :ro
432 459 733 525 Vatinius
774 463 1007 549 priore
1035 462 1155 529 'ad‘
1172 461 1558 528 Ciceronem
1606 460 1908 548 epistola·
1937 484 1992 527 a.
2031 458 2094 528 d.
2136 462 2222 525 V.
2283 460 2384 526 Id.

290 544 535 625 Quint.
568 569 625 609 a.
654 554 800 613 709.
846 548 1089 635 scripta
1120 546 1630 612 obtrectationes·
1649 557 1716 610 et
1741 546 2010 613 invidias
2041 544 2389 615 malivolo.-

282 650 461 694 rum
490 640 555 693 et
594 631 1005 715 pusillorum
1046 641 1381 695 memorat
1424 652 1662 733 easque
1701 630 1838 693 iam
1887 630 2056 695 olim
2096 652 2228 719 pro
2257 623 2380 694 suo

282 711 561 785 honore
583 736 628 778 a
655 714 883 779 Tullio
912 726 1275 801 prostratas
1304 725 1371 777 et
1398 714 1677 779 obtritas
1697 712 1854 777 dicit
1878 712 1996 801 4),
2031 736 2250 801 paene
2279 714 2384 778 in·-

286 794 543 875 ducor,
583 808 661 861 ut
683 799 931 863 Vatinii
958 799 1122 865 haec
1150 798 1488 864 scribentis
1515 800 1753 863 'animo
1788 798 2004 877 Calvi,
2047 808 2382 863 accusato-

282 880 385 944 ris
416 881 520 945 sui
544 881 1017 965 violentissimi,
1058 883 1416 971 imaginem
1449 894 1514 947 et
1538 882 1892 969 parvulam
1920 904 1995 946 co
2085 868 2218 945 oris
2246 892 2384 945 sta·-

282 973 519 1027 tnram
563 964 776 1030 adhuc
816 966 1229 1032 obversatam
1254 989 1407 1031 esse
1432 968 1702 1031 credam
1716 1012 1735 1044 ‚
1779 967 1967 1031 cuius
2056 988 2090 1029 e
2125 964 2384 1029 ambitu

280 1049 799 1129 accusationem,
844 1072 975 1136 qua
1001 1052 1187 1117 valde
1213 1050 1557 1137 perculsus
1591 1061 1791 1128 esset,
1833 1072 1976 1115 non
2005 1048 2260 1113 mirum
2287 1058 2384 1112 est

276 1130 771 1199 malivolentiae
814 1135 1077 1199 cuidam
1104 1136 1315 1199 tribui
1345 1160 1381 1199 a
1420 1136 1682 1199 Vatinio
1695 1180 1715 1214 ,
1759 1132 2038 1198 homine
2082 1132 2380 1212 audacis:-

282 1214 463 1277 simo
510 1227 574 1283 et
614 1218 969 1297 maledico,
1034 1230 1101 1283 et
1140 1241 1296 1282 suae
1353 1217 1800 1283 defensionem
1847 1239 2106 1281 caussae
2145 1216 2378 1281 ascribi

283 1296 628 1362 Ciceronis
648 1300 869 1363 amm-i⁴
888 1324 961 1365 ae
980 1302 1225 1379 studio,
1250 1324 1288 1364 a
1314 1324 1451 1385 quo
1485 1301 1864 1385 longissime
1885 1300 2184 1369 abfuerat
2197 1298 2376 1363 Tul-

280 1378 419 1445 lius
432 1426 453 1458 ‚
491 1382 747 1467 patriae
776 1383 859 1445 ad
910 1390 1292 1447 extremum
1324 1385 1496 1467 uitae
1521 1384 1806 1448 halitum
1838 1384 2373 1449 studiosissimus

286 1463 423 1526 Sed
448 1465 1025 1549 quemadmodum
1051 1466 1389 1543 Ciceroni,
1430 1477 1537 1529 tot
1569 1466 1862 1530 civilium
1887 1488 2124 1529 rerum
2147 1465 2374 1529 flucti-

283 1546 417 1613 bus
444 1548 703 1625 iactato,
748 1548 919 1617 hanc
944 1551 1019 1614 in
1047 1550 1456 1635 suscipienda
1485 1550 1729 1613 Vatinii
1758 1548 2135 1613 defensione
2160 1548 2372 1615 facili-

281 1642 497 1695 tatem
536 1631 859 1697 suadebat
912 1633 1113 1698 dubia
1154 1656 1230 1697 ac
1266 1634 1474 1697 tristis
1530 1645 1958 1728 temporum,
2014 1654 2184 1717 quae
2222 1643 2374 1697 tum

120 1736 123 1740 ·
208 1771 212 1775 .
287 1716 671 1795 erat‚·ratio,
698 1738 986 1801 eumque
1016 1717 1356 1796 monebat,
1399 1728 1480 1779 ut
1505 1740 1574 1781 se
1597 1718 1694 1795 113,
1741 1717 1856 1799 qui
1882 1738 2114 1781 rerum
2135 1716 2208 1783 in
2238 1715 2372 1777 dies

285 1798 503 1883 :magis
518 1820 645 1864 -ma
686 1800 873 1885 isque
905 1802 1323 1887 potirentur,
1368 1802 1524 1867 viris
1550 1800 1947 1887 ..placabilem
1976 1810 2042 1870 et
2074 1796 2370 1865 auricula

284 1881 524 1947 infima.
548 1904 664 1947 mo
692 1884 941 1949 liorem.
978 1884 1095 1971 (ut
1118 1886 1261 1972 ipse
1286 1885 1367 1949 ad
1394 1884 1622 1965 Quint.
1648 1884 1754 1949 Fr.
1789 1884 1934 1949 Lib.
1957 1882 2040 1947 II.
2075 1889 2178 1951 15.
2204 1883 2368 1947 scri-

284 1964 423 2051 bit)
456 1978 839 2053 praestaret,
880 1991 1097 2055 neque
1123 1992 1319 2036 suam
1336 1968 1709 2033 libertatem
1736 1970 1810 2053 in
1833 1968 2208 2055 pertinacia,
2251 1966 2370 2031 scd
2482 2000 2486 2005 Δ

285 2048 363 2113 111
396 2050 859 2117 moderatione
912 2054 1203 2139 quadam
1263 2051 1433 2137 (vid.
1479 2053 1665 2129 Orat.
1705 2076 1812 2138 pr.
1867 2052 2132 2115 Plancio
2177 2075 2232 2116 c.
2259 2059 2362 2119 38.

285 2132 477 2227 sqq.)
504 2136 799 2219 positam
822 2148 1119 2219 putaret3
1160 2137 1253 2199 ita
1272 2136 1554 2214 Calvus.
1577 2136 1695 2220 qui
1727 2146 2107 2200 commotus
2133 2135 2230 2199 rei
2257 2134 2366 2196 in-

288 2216 631 2299 dignitate,
674 2217 941 2302 qua-M.
960 2218 1195 2283 Catoni
1221 2240 1363 2281 nou
1383 2230 1526 2281 tam
1547 2230 1893 2305 praetura,
1939 2239 2142 2301 quam
2167 2226 2396 2303 prae-⁸

286 2308 481 2364 turae
514 2298 677 2365 Cato
706 2312 985 2385 nega-tus
1010 2301 1381 2375 videbatur.
1428 2312 1508 2365 ut
1536 2302 1691 2365 scite
1726 2301 1816 2373 ait
1845 2301 2061 2365 Valer.
2087 2299 2366 2363 Maxim.

287 2381 432 2447 Lib.
465 2381 613 2449 VII.
634 2407 686 2447 c.
716 2390 777 2451 5.
808 2406 873 2450 n.
896 2394 989 2465 6.,
1030 2385 1299 2449 Vatinio
1334 2386 1516 2449 diem
1545 2384 1744 2463 dixit,
1789 2384 2078 2449 dubitari
2112 2382 2363 2468 nequit,
2460 2400 2478 2412 ·

289 2466 455 2551 quin
492 2465 833 2533 bonorum
866 2470 1175 2539 omnium
1212 2469 1444 2535 tulerit
1471 2468 1904 2556 applausum,
1949 2480 2016 2531 et
2037 2468 2364 2568 insignem

288 2572 373 2615 ex
404 2552 655 2637 populi
709 2554 1195 2621 existimatione
1244 2552 1552 2619 fructum
1611 2552 2015 2641 perceperit,
2101 2552 2365 2637 illisque

286 2636 668 2712 action-ibuS,
712 2640 867 2702 artis
894 2640 1227 2706 oratoriae
1312 2639 1618 2717 rimitiis‚·
1639 2638 1968 2701 auditores
1992 2636 2088 2705 im
2138 2635 2366 2703 lever-it

288 2717 391 2779 'sui
416 2719 874 2785 admirationez
908 2722 1095 2805 quod
1116 2722 1223 2788 vel
1278 2726 1560 2788 estivam
1581 2722 1769 2799 illud,
1793 2744 1934 2793 non
1960 2744 2036 2785 m
2108 2732 2180 2788 to
2202 2730 2364 2807 post

289 2798 459 2868 hanc
504 2822 767 2865 causam
808 2806 1139 2885 scrip-tum
1180 2806 1421 2869 Catulli
1469 2806 1753 2869 Carmen
1784 2804 1952 2867 LIV.
1981 2826 2106 2869 nos
2150 2804 2361 2867 docet.

290 2881 379 2947 M·
436 2884 511 2949 A
520 2884 591 2947 U
592 2883 677 2946 G·
715 2885 862 2949 ‘W
851 2887 971 2951 EI
968 2885 1297 2951 CIIERT
1344 2888 1620 2951 illustris
1669 2886 1967 2949 Moldani
2007 2886 2251 2955 Rector
2298 2896 2363 2963 'qt

289 2965 470 3031 Prof.
498 2968 761 3054 primus
792 2972 1359 3041 commentatione-
1382 2971 1468 3037 de
1505 2970 1575 3033 G.
1605 2970 1882 3034 Licinio
1914 2967 2150 3045 Cale-0,
2175 2992 2361 3039 ,ora-

184 3121 187 3125 ,
292 3068 435 3117 tore
464 3059 763 3138 etpoeta-
780 3076 853 3138 p.
882 3058 985 3118 20.
1014 3075 1134 3115 ss.:
1166 3074 1333 3148 qnae
1358 3052 1856 3137 elegantissuma
1890 3052 2361 3119 commentatio

292 3134 577 3222 optabile
603 3147 699 3199 est
728 3148 807 3200 ut
836 3158 993 3199 cum
1034 3147 1264 3201 ceteris
1300 3138 1594 3205 eiusdem
1615 3134 1996 3201 litteratoris
2019 3145 2362 3219 praestan.-

288 3222 545 3287 tissumi
574 3219 645 3284 in
668 3231 942 3307 totaque
963 3220 1351 3305 antiquitate
1376 3218 1826 3287 versatissumi
1843 3216 2178 3301 opusculis
2197 3216 2363 3303 phi-

288 3303 583 3391 lologicis
616 3304 1001 3392 colligendis
1030 3304 1103 3367 in
1128 3305 1273 3369 DD.
1304 3306 1450 3371 VV.
1479 3302 1833 3369 utilitatem
1865 3302 2082 3367 denuo
2113 3301 2364 3371 edatur.

288 3528 449 3580 tinius
476 3546 605 3581 cum
632 3529 733 3583 illo
761 3528 1154 3584 reconciliatus
1180 3520 1271 3580 in-
1368 3526 1672 3599 patrocinii
1717 3542 1872 3595 spem
1897 3524 2072 3597 ‘capit
2117 3540 2184 3579 ex
2238 3524 2360 3589 illo,

291 3598 488 3664 currit,
526 3614 669 3667 quae
699 3600 948 3667 quamvis
972 3600 1086 3652 non
1106 3598 1272 3651 inhu-
1372 3597 1527 3669 quod
1567 3596 1705 3648 olim
1741 3596 1803 3647 in
1827 3596 2078 3663 periculo
2106 3603 2360 3662 expertus

288 3666 513 3732 manae,
567 3674 759 3717 tamen
802 3666 1140 3719 confirmare
1179 3666 1271 3717 vi-
1370 3668 1470 3719 sit:
1506 3668 1558 3735 §.
1579 3668 1639 3719 2.
1674 3672 1768 3719 An
1795 3684 2000 3729 verear,
2035 3685 2104 3717 ne
2133 3668 2230 3735 qui
2247 3683 2358 3733 po-

276 3733 487 3785 ³dentur
513 3751 577 3791 ea
593 3774 609 3801 ‚
642 3751 785 3803 quae
825 3738 890 3788 V.
915 3738 979 3788 D.
1015 3736 1084 3787 de
1122 3733 1273 3788 civili
1370 3739 1791 3790 temissimorum
1829 3736 2102 3797 hominum
2136 3734 2356 3803 con-'pt'—

282 3802 573 3873 ¹utriusque
609 3804 1015 3857 necessitudine
1062 3802 1274 3875 sagaci·
1369 3802 1640 3859 rationem
1665 3806 1966 3873 neglexerit
1997 3822 2096 3873 pro
2121 3820 2242 3856 mea
2265 3819 2357 3852 sa-

290 3879 371 3923 ter
403 3869 717 3941 disputavit.
1374 3876 1520 3943 lupe,
1571 3871 1620 3925 z‘s
1635 3892 1739 3944 pro
1767 3870 1966 3923 Honore
1993 3890 2106 3922 meo
2131 3868 2358 3939 pusillo·

955 3976 961 3983 ·
1375 3962 1496 3995 rum
1533 3960 1600 3993 ac
1651 3941 2032 3993 malevolorum
2086 3940 2358 3989 obtrecta-

286 4034 303 4052 ν
353 4008 420 4076 4)
456 4007 687 4061 *Futuri
711 4008 769 4061 in
795 4010 1011 4063 honore
1034 4028 1154 4078 suo,
1184 4011 1281 4063 cui
1322 4018 1327 4023 “
1378 4014 1552 4064 tiones
1578 4023 1632 4061 et
1661 4012 1903 4061 invidias
1927 4026 2034 4061 non
2049 4018 2360 4079 prosternat

295 4076 475 4146 pusilli
520 4079 930 4133 ehtrectatores
974 4081 1275 4149 invideant,
1380 4092 1550 4153 aeque
1573 4079 1784 4144 obserat
1801 4081 1829 4129 Ρ
2417 4088 2424 4097 ·
