2859 4617
314 3166 339 3175 ‘
446 3173 450 3181 ’
522 3150 812 3215 ctionem
844 3147 1167 3211 iudicibus
1198 3147 1488 3244 revelare
1501 3194 1521 3227 ,
1584 3158 1664 3211 ut
1689 3147 2185 3217 inimicitiarum
2211 3174 2402 3218 causa
2427 3154 2588 3217 faci-

508 284 663 373 «,ae
782 295 789 303 ·
1040 284 1458 361 ADDENDA
1495 284 1620 355 ET
1657 284 2132 357 Excussus

510 448 875 533 'nobilitate
964 470 1255 527 raestans
1288 468 1355 523 et
1394 456 1608 547 patris
1653 457 1982 523 memoria
2009 456 2438 527 consulatum
2463 460 2622 529 adi-

529 551 893 641 pisceretur
914 598 929 615 .
1018 543 1330 612 Tentavit
1348 544 1721 620 enimvero3
1766 553 1979 627 atque,
2021 540 2350 609 Memmio
2379 559 2444 611 et
2457 548 2618 613 Do-

530 635 725 700 mitio
759 628 1323 721 conspirantibus,
1366 627 1580 699 dicam
1611 628 1860 689 Scauro
1903 648 2030 712 per
2057 626 2404 697 Triarium
2427 630 2616 696 infe-

530 718 808 784 rendam
854 714 1123 781 curavit.
1212 712 1488 777 Curasse
1529 710 1836 797 equidem
1869 710 2181 790 coniici03
2240 724 2310 777 at
2356 716 2614 781 Triarii

534 802 1015 870 accusationem
1072 796 1345 863 consilio
1397 816 1527 859 suo
1567 795 1852 872 rexisse,
1915 798 2304 861 auctoritate
2349 799 2611 864 confir-

530 908 763 963 masse,
802 885 1121 970 omnique
1142 902 1271 969 ope
1292 890 1588 943 tutatum
1613 900 1748 942 esse
1771 900 1912 941 non
1935 884 2246 965 auguror*
2263 884 2612 949 coniectu-

504 988 627 1049 Ta,
668 970 781 1033 sed
800 968 1085 1033 declarat
1114 983 1391 1051 sequens
1422 962 1770 1029 scam-inae
1799 959 2008 1027 locus.
2093 962 2610 1051 Inquisitionem

530 1064 598 1119 et
626 1054 920 1141 primam
954 1051 1275 1115 actionem
1321 1047 1521 1111 unico
1547 1057 1712 1110 teste
1753 1044 2120 1111 confectam
2153 1051 2408 1113 sustulit
2435 1074 2608 1117 ma-

526 1139 718 1203 xima
758 1134 1081 1200 celeritate
1116 1132 1452 1209 Triarius,
1495 1130 2105 1217 comperendinavit
2134 1154 2349 1212 reum,
2389 1157 2602 1199 com-

470 1287 482 1295 ,
526 1220 1139 1321 perendinationem
1178 1217 1259 1280 ad
1301 1214 1411 1278 lv.
1461 1236 1670 1279 nonas
1731 1214 2124 1301 septembris
2177 1219 2606 1305 prorogavit,

528 1306 844 1369 inusitato
876 1300 1299 1366 accusationis
1338 1320 1575 1384 genere
1609 1309 1674 1362 et
1693 1298 1976 1363 subdolo
2009 1312 2107 1363 est
2151 1322 2343 1379 μεως
2407 1303 2606 1387 equj.

532 1390 686 1456 dem
711 1387 1015 1451 universa
1043 1385 1201 1449 haec
1227 1381 1496 1449 artificia
1525 1382 1913 1447 auctoritate
1943 1384 2228 1448 consulis
2255 1389 2606 1472 composi·-

528 1484 598 1537 ta
623 1486 687 1537 et
710 1464 1003 1557 perfecta
1032 1468 1341 1532 existimo
1370 1467 1798 1531 comitiorum
1827 1468 2050 1563 gratia.
2109 1466 2352 1533 Merito
2372 1471 2606 1556 itaque

528 1556 801 1622 Tullius
842 1555 922 1618 de
954 1552 1375 1617 accusationis
1417 1572 1652 1636 genere
1681 1553 2111 1615 comitiorum
2153 1574 2344 1619 causa
2375 1574 2603 1619 susce-

528 1653 655 1731 pto
696 1640 1039 1726 disputans
1069 1638 1480 1701 mentionem
1515 1635 1724 1698 iniieit
1759 1635 1961 1723 Appii
1989 1635 2258 1700 Claudii.
2345 1636 2496 1703 Iam
2523 1640 2602 1703 ad

530 1724 903 1789 candidatos
928 1720 1149 1785 redeo.
1235 1721 1291 1783 A
1394 1719 1440 1781 ii
1475 1718 1694 1805 pactio
1725 1730 1986 1783 mature
2009 1719 2303 1785 innotuit
2328 1722 2602 1787 Cicero-

526 1809 620 1887 ni,
664 1807 745 1872 de
765 1805 876 1869 illa
904 1805 1083 1870 enim
1108 1805 1199 1868 sic
1230 1740 1631 1867 adetticum
1658 1800 1767 1866 IV.
1801 1810 1896 1872 16.
1926 1805 2108 1884 [sect.
2135 1808 2236 1887 7.]
2279 1808 2604 1873 scribebat

528 1903 679 1957 ante
720 1891 893 1954 diem
918 1891 999 1954 V.
1026 1886 1179 1951 Kal.
1210 1886 1458 1951 Sextilt
1517 1886 1750 1966 „Cum
1797 1906 1876 1951 eo
1911 1888 2318 1973 [Memmio]
2355 1892 2602 1957 Domi-

528 1976 698 2039 tium
726 1972 1027 2037 eonsules
1064 1972 1488 2035 iunxeruntt·
1523 1992 1656 2056 qua
1683 1973 2020 2067 pactione,
2065 1973 2380 2061 epistolae
2409 1997 2608 2040 com-

524 2059 791 2123 mittere
822 2078 963 2123 non
1006 2055 1219 2119 audeo
1233 2060 1277 2093 ‘⁴
1334 2054 1590 2119 Scilicet
1622 2054 1850 2120 Cicero
1893 2057 2094 2122 simul
2135 2060 2609 2145 pertimescens

527 2143 635 2231 Ap
690 2142 733 2205 ii
762 2140 1132 2229 potentiam
1168 2150 1363 2224 atque
1395 2138 1672 2217 amicos,
1713 2140 2047 2227 simulque
2081 2164 2150 2205 se
2176 2142 2273 2207 illi
2301 2145 2604 2209 maxime

578 2164 815 2291 rozare
844 2226 1109 2289 studens
1135 2224 1427 2300 timebat,
1471 2245 1576 2301 ne,
1608 2224 1662 2285 si
1691 2224 1967 2311 epistola
1998 2226 2069 2289 in
2097 2224 2336 2292 alienas
2361 2250 2600 2295 manus

509 2320 519 2327 “
562 2322 706 2375 orte
744 2310 1029 2375 incidens
1074 2306 1552 2394 significaretur
1575 2308 1828 2397 Appio,
1875 2309 2178 2375 Consulis
2209 2313 2451 2377 odium
2490 2314 2602 2379 vix

522 2396 917 2463 restinctum
945 2394 1195 2459 iterum
1238 2391 1640 2457 incenderet.
1722 2392 2057 2457 Eumdem
2099 2395 2298 2461 etiam
2331 2397 2600 2463 Cicero-

524 2480 629 2545 nis
662 2479 963 2542 animum
996 2498 1145 2562 erga
1169 2476 1476 2561 Appium
1517 2474 1852 2541 declarant
1879 2477 2212 2564 Epistolae
2240 2480 2399 2546 libri
2421 2482 2598 2547 tertii

527 2562 629 2630 ad
651 2560 1093 2651 familiares3
1154 2558 1504 2623 hominem
1543 2562 1714 2623 enim
1760 2562 2062 2650 produnt
2077 2610 2098 2645 ,
2155 2564 2274 2651 qui
2309 2565 2593 2629 malebat

506 2645 896 2732 'superbum
942 2644 1083 2731 pati
1130 2643 1472 2737 ingenium
1514 2644 1718 2731 Appii
1755 2666 1944 2730 aegre
1979 2666 2156 2712 novo
2203 2648 2594 2714 Proconsuli

512 2728 935 2819 ‘provinciam
958 2726 1297 2804 tradentis,
1342 2748 1772 2813 congressum
1803 2730 2096 2795 studiose
2125 2732 2425 2814 vitantis,
2471 2734 2598 2798 ini-

522 2812 869 2901 quissimas
900 2808 1197 2897 querelas
1238 2809 1604 2876 adhibentis
1620 2859 1640 2891 ‚
1681 2812 1897 2877 multa
1937 2814 2312 2882 innovantis
2328 2864 2350 2896 ,
2389 2840 2598 2904 quam

520 2898 623 2961 uti
666 2895 871 2962 verbo
912 2894 1143 2984 paullo
1189 2895 1574 2959 duriusculo
1611 2898 1681 2959 in
1718 2897 2038 2984 Appium.
2146 2900 2335 2980 Quae
2379 2924 2596 2988 quum

510 2982 613 3048 ‘ita
660 2981 823 3059 sint,
890 3002 1061 3044 anne
1110 2978 1519 3043 censebimus
1581 2980 1964 3045 Ciceronem
2017 2985 2593 3071 patrocinaturum

522 3086 787 3131 causam
819 3066 876 3145 [*
889 3086 1135 3129 cau-sae
1147 3064 1203 3146 *]
1229 3063 1324 3128 Μ.
1352 3064 1580 3127 Scauri
1601 3062 1886 3128 voluisse
1914 3067 2212 3152 iniquam
2247 3070 2445 3157 Appii
2471 3094 2592 3165 pa·-

517 3233 653 3299 lius
682 3242 1038 3320 patesceret
1050 3228 1081 3294 ’ἰ
1122 3232 1259 3297 Hic
1285 3254 1429 3331 ega,
1456 3231 1696 3317 inquit,
1717 3230 2025 3322 Appiam
2053 3234 2411 3303 Claudium
2427 3282 2446 3300 .
2469 3281 2487 3300 .
2507 3278 2526 3297 .
2553 3278 2574 3297 .
2606 3288 2612 3295 .

523 3318 709 3383 nullo
740 3316 903 3396 low,
949 3315 1223 3395 iudices,
1260 3316 1662 3403 vztuperabo
1703 3360 1723 3381 .
1765 3362 1785 3383 .
1821 3366 1838 3383 .
1883 3318 2044 3417 Ego
2071 3332 2345 3387 tanmm
2365 3322 2583 3385 dicam

506 3400 702 3492 ’91ὶοιί
748 3410 813 3465 et
853 3422 1099 3466 causae
1137 3402 1336 3478 satis,
1402 3412 1469 3465 et
1513 3400 1588 3465 in
1629 3399 1822 3466 illu-m
1872 3405 2152 3469 manime
2198 3406 2444 3471 durum
2477 3413 2592 3467 aut

504 3502 841 3581 ’asperum
874 3487 1103 3570 possit
1132 3507 1288 3548 esse.
1374 3485 1648 3569 Nempe.
1734 3485 2002 3573 Possem
2037 3488 2342 3573 equidem
2369 3489 2596 3576 Appio

506 3569 800 3633 ‘obiicere
830 3570 1185 3632 coitionem
1214 3588 1367 3629 cum
1384 3563 1710 3633 Memmio
1737 3579 1802 3631 et
1813 3568 2119 3648 Domitio
2138 3570 2405 3651 factam,
2429 3596 2604 3658 pos-

518 3674 662 3716 sem
702 3653 1035 3739 pactiones
1081 3663 1196 3713 tur
1244 3650 1495 3713 issimas
1538 3662 1860 3738 retegere,
1902 3656 2086 3719 unde
2133 3658 2352 3720 omnis
2387 3657 2608 3743 Appii

518 3737 589 3799 in
653 3737 977 3817 Scamffim
1031 3735 1197 3798 inim
1226 3736 1373 3799 citia
1441 3735 1766 3814 dimanat3
1855 3738 1972 3800 sed
2029 3739 2190 3805 nolo
2249 3740 2605 3827 quidpiam

522 3815 1042 3907 [ssquidqnamss
1086 3819 1335 3883 durum
1374 3830 1490 3883 aut
1525 3840 1838 3907 asperum
1867 3820 1938 3883 in
1967 3822 2326 3888 Consulem
2357 3824 2600 3888 dicere.

416 3948 429 3961 .
518 3902 723 3977 thun
756 3902 945 3967 nullo
974 3902 1121 3987 loco
1158 3904 1574 3989 vituperabo,
1618 3904 1916 3989 quamvis
1949 3908 2418 3993 vituperationi
2437 3922 2602 3971 ‘am—

514 3984 855 4071 piissimus
898 3999 1119 4074 pateat
1145 3986 1328 4065 locus
1346 4009 1366 4064 3
1408 3984 1918 4065 ‘dicamtantum
1955 3990 2140 4075 quod
2181 3991 2410 4073 causae
2435 3990 2597 4053 satis

521 4088 655 4132 esse
689 4071 911 4153 possit.
998 4069 1141 4137 Iam
1188 4093 1415 4139 causae
1456 4070 1754 4139 facturus
1782 4072 1933 4139 satis
1973 4074 2158 4161 quod
2178 4096 2343 4145 nam
2379 4072 2596 4145 artifi-
