2859 4617
643 353 878 406 vam
1110 331 1639 402 PRINCIPIS
1680 330 2246 419 EDITIONIS

645 504 876 579 multa,
907 518 1108 595 atque
1145 502 1495 591 elegantia
1544 503 1844 590 scripsit,
1904 503 2105 569 sicuti
2148 526 2231 569 ex
2268 501 2524 584 libello,
2585 508 2734 573 sive

629 594 870 681 Potius
891 654 896 663 ,
907 588 1310 679 fragmento
1329 636 1347 666 ‚
1393 588 1571 675 quod
1612 600 1773 655 unte
1811 588 1932 650 hos
1970 612 2186 653 annos
2227 602 2573 675 repertu-m
2606 606 2731 668 est,

647 676 880 761 colligi
893 685 1152 761 potest,
1196 674 1416 737 multa
1444 673 1597 760 fluit
1636 694 1719 737 ac
1742 674 1955 735 ‹sc-citet
1984 671 2339 739 barbarie.-
2380 698 2583 773 quam
2613 688 2732 739 ta-

647 784 806 825 men
835 758 1224 823 barbariem
1249 781 1388 821 non
1417 756 1502 821 ab
1536 757 1653 819 illo
1697 768 1907 833 certe,
1954 757 2067 843 qui
2102 756 2275 822 bono
2314 771 2526 821 ettam
2570 772 2734 823 tunc

633 856 944 929 tempore
993 842 1287 905 eruditus
1331 852 1425 905 est
1440 886 1459 918 ,
1522 842 1900 927 provenire
1932 852 2143 924 pu-t03
2214 842 2335 907 sed
2366 844 2599 929 potius
2641 844 2733 909 αἱ)
2841 829 2847 922 Ι

555 932 560 943 “
649 928 874 1014 aliquo
917 924 1170 991 insulso
1216 937 1414 1013 atque
1446 924 1821 1011 ineleganti
1841 928 2334 1010 grammatioe,
2380 928 2493 1014 qui
2518 928 2735 991 inter.-

635 1014 858 1099 Pretis
894 1012 1042 1075 vice
1063 1006 1378 1096 functus,
1424 1010 1657 1095 inepta
1684 1009 1897 1071 multa
1923 1012 2284 1090 conseruit,
2331 1034 2501 1097 quae
2527 1024 2737 1097 post-

654 1119 738 1161 ea
775 1118 916 1159 una
959 1116 1108 1158 cum
1153 1094 1342 1157 bonis
1387 1094 1685 1157 auctoris
1726 1092 1952 1158 verbis
1992 1092 2339 1181 descripta
2381 1106 2557 1157 sunt.
2645 1094 2737 1157 Et

703 1180 927 1243 uidem
952 1177 1272 1243 vocabula
1301 1188 1662 1263 compecto,
1693 1174 2046 1264 famatus,
2096 1200 2354 1255 tesam,
2402 1178 2736 1243 admone-

641 1201 844 1353 μῗιισίο
878 1269 1017 1327 non
1048 1262 1228 1347 apud
1255 1260 1695 1347 Interpretem
1728 1263 1839 1323 sed
1872 1260 2055 1347 apud
2089 1261 2315 1349 ipsum
2350 1262 2738 1328 Ciceronem

657 1359 1021 1412 occurrunt
1065 1348 1128 1428 [*
1149 1346 1865 1433 depraehenduntur*]
1910 1343 2057 1435 72).

357 1472 622 1554 D⁶‚1¹⁰2‚i³
825 1479 1007 1544 XVI.
1091 1480 1230 1565 Age
1275 1502 1433 1546 vero
1465 1490 1605 1543 tam
1640 1478 1893 1543 nobiles
1924 1500 2354 1545 summorum
2380 1493 2740 1547 auctorum
2841 1540 2843 1547 .

327 1543 639 1663 cggssssrffd
655 1564 1149 1630 lucubrationes
1169 1614 1187 1644 ,
1243 1586 1459 1651 quum
1501 1563 1579 1627 ad
1625 1563 1868 1627 iustam
1910 1563 2066 1627 libri
2100 1563 2395 1629 formam
2438 1567 2744 1651 digessis-
2841 1582 2843 1593 ²

326 1680 468 1732 haec
497 1696 634 1747 ope·
659 1672 836 1726 sem,
882 1646 1083 1713 nullis
1127 1672 1198 1713 ea
1245 1670 1457 1735 porro
1503 1648 1759 1711 criticae
1803 1648 1959 1711 artis
2003 1650 2405 1713 ornamentis
2444 1650 2742 1713 instrue-

379 1798 386 1807 ,
445 1764 529 1801 ra.
658 1728 848 1799 rem?
906 1732 1030 1796 Sed
1061 1733 1270 1797 nudas
1298 1728 1549 1795 hiantes
1573 1731 1987 1817 tenebrisque
2018 1733 2133 1795 vix
2160 1732 2448 1819 depulsis
2480 1734 2742 1799 caecul—

653 1829 866 1884 tantes
905 1818 975 1879 in
1021 1814 1531 1879 illustrissimam
1576 1814 1776 1879 huius
1808 1816 2045 1879 saeculi
2076 1816 2293 1881 lucem
2320 1814 2744 1883 emitterem?

629 1898 740 1964 'Id
786 1922 1000 1985 quum
1041 1900 1406 1963 absurdum
1444 1898 1615 1961 mihi
1640 1900 2003 1979 videretur,
2050 1902 2239 1987 coepi
2262 1925 2367 1965 eas
2396 1924 2526 1987 pro
2558 1925 2745 1965 meac
2841 1902 2843 1909 '

661 1984 1046 2049 eruditionis
1094 1982 1368 2068 copiolis
1409 2004 1631 2068 presse
1670 1984 1938 2069 quidem
1960 1985 2071 2049 sed
2096 1998 2393 2049 accurate
2420 1986 2742 2073 expolire.

661 2068 893 2153 Itaque
933 2080 998 2133 et
1032 2066 1300 2151 singulis
1347 2066 1671 2131 Tullianis
1706 2069 2150 2146 orationibus,
2192 2070 2427 2135 saltem
2442 2070 2741 2145 ineditis,

661 2153 1002 2217 monitum
1021 2152 1382 2239 praeposui
1411 2152 1483 2213 in
1510 2173 1647 2237 quo
1674 2152 1993 2259 cuiusque
2024 2153 2369 2217 historiam
2389 2200 2409 2233 ,
2454 2156 2747 2219 occasio-
2830 2183 2838 2238 ς

659 2259 848 2312 nem,
893 2236 1457 2322 propositumque
1500 2236 1751 2300 evolvo.
1840 2236 2025 2300 'lum
2069 2240 2411 2323 perpetuis
2454 2240 2746 2303 adnota—
2830 2249 2839 2280 ²

634 2320 954 2385 tionibus
997 2321 1170 2407 ipsas
1207 2320 1536 2383 Ciceronis
1558 2320 1917 2406 particulas
1942 2333 2005 2385 et
2036 2322 2597 2385 commentarium
2625 2321 2748 2386 In-

662 2406 970 2489 terpretis
1009 2405 1314 2491 primum
1361 2404 1635 2489 quidem
1683 2428 1718 2467 a
1760 2405 2067 2491 pluribus
2098 2408 2601 2471 amanuensium
2629 2430 2750 2471 ve-

661 2502 888 2555 terum
913 2488 1167 2553 mendis
1195 2509 1414 2573 purgo
1431 2535 1451 2565 ,
1491 2500 1643 2551 tum
1671 2487 1751 2552 de
1777 2489 2011 2553 codicis
2040 2490 2577 2577 palaeographia,
2628 2514 2752 2555 vo-

665 2572 912 2637 cabulis
957 2574 1293 2635 interdum
1334 2573 1558 2650 novis,
1627 2574 1825 2636 rebus
1873 2573 2153 2659 denique
2190 2578 2443 2639 cunctis
2484 2576 2755 2639 notabi-

665 2655 945 2722 lioribus
970 2656 1247 2719 lectores
1273 2657 1619 2729 admoneo.
1694 2658 1989 2719 Lacunas
2017 2660 2273 2745 aliquot
2300 2660 2606 2722 minimas
2632 2683 2755 2722 co-
2828 2689 2843 2710 ·

667 2740 846 2816 dicis,
889 2739 1139 2805 voculis
1169 2740 1521 2809 interiectis
1567 2736 1927 2823 (distinctis
1953 2753 2175 2805 tamen
2208 2766 2242 2806 a
2266 2755 2481 2808 vetere
2516 2743 2753 2830 textu)

667 2824 928 2911 expleo,
1014 2824 1099 2887 Et
1119 2824 1271 2910 quia
1301 2825 1368 2886 in
1401 2826 1647 2911 scripto
1678 2835 1817 2887 tam
1847 2847 2095 2889 annoso
2128 2838 2190 2890 et
2216 2827 2502 2913 abrupto
2534 2828 2754 2890 multa

669 2907 948 2973 obscura
972 2930 1105 2972 esse
1139 2908 1525 2989 sentiebam,
1568 2909 1636 2973 id
1661 2930 1928 2995 quoque
1966 2911 2219 2987 curavi,
2263 2922 2342 2974 ut
2387 2911 2757 2999 implorata

667 2991 981 3057 historiae
1003 3003 1067 3057 et
1092 2993 1499 3089 philologiae
1528 3018 1675 3080 ope,
1720 2995 2205 3059 mediocrem-ei
2228 2994 2447 3059 lucem
2474 2995 2759 3081 adsper-
2841 3068 2843 3071 y

643 3100 914 3164 gerem.
1005 3078 1180 3159 Quia
1210 3100 1368 3144 vero
1399 3078 1669 3142 nullum
1704 3080 2098 3165 scriptorem
2135 3080 2495 3144 evidentius
2534 3080 2760 3166 expli-
2826 3081 2833 3090 ’

643 3162 808 3236 ,cari
833 3162 1234 3237 iudicabam,
1283 3185 1487 3247 quam
1518 3186 1671 3226 cum
1700 3165 1839 3250 ipse
1866 3165 1968 3247 sui
1992 3163 2069 3227 fit
2096 3164 2445 3249 interpreS,
2490 3162 2761 3228 Cicero-

669 3268 826 3309 nem
861 3246 1130 3331 quidem
1168 3270 1251 3309 ex
1283 3248 1417 3309 eius
1454 3248 1636 3309 editis
1664 3247 1923 3332 scriptis
1951 3272 2141 3333 saepe
2170 3250 2520 3325 declaravi3
2566 3270 2762 3311 com-

643 3331 1079 3393 ‚mentarium
1127 3340 1346 3393 autem
1394 3352 1845 3413 anonymum,
1892 3352 2107 3415 quum
2144 3332 2405 3396 Asconii
2452 3355 2583 3395 esse
2621 3355 2763 3418 pu-

671 3421 806 3474 tem
826 3458 846 3489 ,
906 3410 1443 3495 frequentissima
1480 3413 1881 3477 Asconianae
1924 3414 2222 3479 editionis
2262 3417 2763 3505 comparatione

644 3545 648 3553 .
674 3506 1084 3557 consectatus
1115 3515 1284 3557 sum.

341 3621 496 3673 3³²0
518 3633 664 3671 ¹²⁰*ss
847 3626 1062 3691 XVII.
1149 3627 1212 3690 N
1217 3649 1343 3691 unc
1381 3631 1698 3715 quoniam
1748 3632 1898 3695 satis
1926 3624 2193 3698 videtin·
2223 3634 2497 3717 fluxisse
2524 3634 2770 3698 verbo-

363 3706 658 3810 cssgffi‘gn-
675 3732 866 3791 rum,
934 3723 1010 3774 ut
1052 3722 1428 3777 extremum
1478 3715 1723 3800 aliquid
1764 3715 1998 3781 habeat.
2040 3720 2289 3798 oratio,
2345 3722 2435 3782 ita
2478 3718 2646 3782 mihi
2683 3719 2775 3781 fi-

345 3826 552 3880 dantur
566 3796 899 3880 1ta.niendi
941 3798 1389 3861 necessitatem
1433 3799 1822 3886 imponam,
1868 3802 1919 3865 si
1967 3804 2219 3867 nationi
2258 3825 2443 3867 meae
2480 3804 2533 3865 si
2570 3824 2771 3889 prae-

443 3895 571 3948 1156.
679 3883 1110 3965 stantissimae
1135 3883 1633 3969 provinciarum
1662 3887 1969 3951 omnium
1996 3886 2217 3952 Italiae
2245 3887 2403 3951 haec
2433 3886 2770 3951 maiorum

744 4051 847 4117 72)
883 4050 1177 4105 *Addatur
1206 4069 1272 4105 ex
1305 4074 1381 4107 or.
1405 4074 1511 4126 pro
1544 4047 1674 4107 Tulss
1774 4040 1918 4109 nius.
2016 4054 2096 4109 Cf.
2134 4058 2390 4111 addenda
2434 4054 2507 4109 ad
2548 4078 2630 4112 or.
2669 4078 2776 4130 pro

679 4119 753 4171 lio
803 4121 885 4173 16.
943 4126 1191 4175 centuria
1235 4143 1368 4195 pop
1384 4145 1418 4175 ιι
1436 4126 1491 4175 li
1506 4144 1674 4189 ana,
1778 4130 1981 4179 Scauro
2013 4128 2077 4179 Π.
2112 4122 2195 4179 13.
2225 4142 2280 4193 p.
2306 4126 2427 4185 284.

681 4186 724 4237 si
757 4186 981 4256 quidem
1011 4199 1166 4240 recte
1205 4190 1557 4259 interpretati
1584 4208 1673 4241 su-
