2859 4617
71 794 73 805 -
71 726 73 729 v
70 668 75 701 --
70 444 75 623 ——-—-—-—
70 274 77 427 -v-——v--
70 230 75 255 -

522 323 652 388 zu
791 353 805 367 ·
1009 284 1425 383 ADDENDA
1467 316 1589 383 ET
1629 314 2104 382 Excessus

692 484 821 551 Sed
847 507 1005 551 cum
1028 498 1311 575 propter
1336 498 1728 575 temporum
1755 485 1848 551 in'
1897 486 2178 559 uitatem
2199 483 2298 550 vis
2321 484 2616 555 simula-

524 582 594 637 ta
621 570 691 633 in
721 571 1003 635 solidam
1024 572 1161 635 vim
1190 571 1462 650 abiisset,
1485 584 1564 636 ut
1595 572 1848 657 petitor
1923 571 2176 636 omines
2203 571 2338 635 sive
2359 594 2612 655 servos,

525 656 659 719 sive
690 655 930 721 liberos
970 667 1249 741 cogeret,
1292 667 1493 743 atque
1530 657 1634 722 vel
1663 656 2134 733 adversarium,
2177 654 2280 720 vel
2311 656 2612 723 adversa—

526 741 607 803 rii
646 738 975 804 familiam
1014 763 1051 803 a
1088 738 1304 805 fundo
1341 752 1770 807 controverso
1809 741 2012 805 armis
2051 738 2130 803 fu
2175 751 2342 818 aret,
2385 740 2606 808 latum

526 822 655 889 fuit
688 827 757 907 [*
770 826 1209 889 constitutum
1250 828 1420 907 est*]
1469 826 1890 889 interdictum
1933 824 2048 891 De
2161 826 2189 889 i
2218 826 2604 893 hominibus

527 910 840 974 armatis.
920 909 1091 973 Rem
1120 908 1401 975 declarat
1444 910 1672 974 Cicero
1701 932 1832 997 pro
1867 909 2136 975 Caecina
2159 918 2264 979 82·
2291 912 2316 991 [
2331 909 2392 993 §-
2421 915 2618 993 92.]=·

525 994 695 1071 „Du
740 994 949 1057 liciter
977 992 1281 1059 homines
1320 994 1750 1071 deiiciuntur,
1793 1004 1910 1057 aut
1930 992 2072 1057 sine
2101 994 2339 1059 coactis
2373 1010 2599 1061 arma·-

523 1078 687 1141 tisve
765 1076 1118 1155 ominibus,
1172 1088 1287 1141 aut
1316 1100 1440 1167 per
1469 1076 1794 1142 eiusmodi
1819 1079 2146 1153 rationem
2179 1089 2246 1142 et
2277 1079 2422 1143 vim.
2493 1080 2590 1141 Ad

527 1161 689 1225 duas
720 1160 1065 1225 dissimiles
1091 1182 1196 1223 res
1222 1162 1357 1229 duo
1405 1162 1710 1226 deiuncta
1737 1162 2079 1227 interdicta
2120 1174 2298 1227 sunt.
2375 1160 2448 1225 In
2464 1162 2583 1226 illa

525 1246 592 1310 vi
616 1245 1000 1333 quotidiana
1020 1266 1162 1309 non
1194 1247 1351 1311 satis
1392 1258 1490 1311 est
1519 1268 1716 1345 posse
1739 1246 1972 1311 docer'e
1997 1269 2066 1311 se
2089 1247 2433 1325 deiectum,
2468 1246 2596 1309 nisi

528 1330 869 1416 ostendere
894 1330 1135 1417 possit,
1180 1352 1337 1395 cum
1420 1331 1761 1409 ossideret,
1803 1342 1955 1395 tum
1985 1331 2330 1397 deiectum.
2411 1331 2511 1394 Ne
2531 1331 2604 1395 id
2641 1403 2652 1409 ‚

527 1414 797 1499 quidem
828 1414 981 1478 satis
1022 1424 1151 1494 est,
1194 1416 1320 1479 nisi
1406 1427 1553 1481 ocet
1591 1416 1686 1478 ita
1713 1437 1788 1501 se
1811 1414 2203 1503 possedisse,
2245 1426 2324 1482 ut
2357 1437 2480 1479 nec
2513 1416 2603 1495 vi,

526 1520 645 1561 nec
675 1499 879 1577 clam,
918 1517 1039 1563 nec
1062 1502 1367 1587 precario
1410 1500 1851 1587 possederit“,
1900 1511 1964 1564 et
1997 1510 2206 1565 cetera
2244 1520 2412 1588 quae
2439 1499 2606 1585 lege.

524 1581 877 1648 Interdicto
910 1585 1369 1681 exceptionem
1406 1584 1810 1671 quandoque
1847 1582 2128 1649 addebat
2159 1596 2464 1680 praetor3
2509 1585 2602 1648 ait

526 1669 707 1734 enim
737 1669 969 1733 Cicero
990 1666 1148 1731 ibid.
1188 1678 1250 1738 8.
1278 1668 1373 1752 [§.
1394 1670 1572 1751 28.]=
1641 1670 1970 1748 „Praetor
1995 1668 2360 1747 interdixit,
2404 1680 2484 1733 ut
2507 1680 2606 1732 est
2641 1676 2648 1681 ’

524 1753 958 1818 consuetudo,
1042 1752 1157 1818 De
1178 1754 1257 1817 vi
1274 1753 1656 1819 hominibus
1677 1755 2006 1832 armatis,
2051 1736 2192 1819 sine
2227 1752 2364 1817 ulla
2404 1776 2606 1817 exce-

523 1838 776 1983 ptione,
797 1848 1063 1900 tantum
1078 1849 1175 1914 ut,
1196 1838 1377 1901 unde
1394 1838 1741 1918 deiecisset,
1763 1838 2198 1901 restitueret.“
2241 1836 2432 1917 Quae
2451 1860 2606 1906 ver-

571 1942 606 1981 a
641 1920 731 1981 ita
774 1932 1033 1983 enarrat
1054 1922 1482 1985 Hotmannus
1511 1924 1584 1985 in
1613 1933 1968 1986 comment.
2001 1923 2083 1985 ad
2109 1921 2181 1988 h.
2211 1922 2259 1987 l.
2301 1946 2392 1979 ·-·--··
2427 1923 2606 1986 Pure

523 2026 597 2067 ac
620 2002 1013 2091 simpliciter
1037 2004 1321 2071 decrevit
1342 2016 1422 2069 ut
1446 2007 1838 2085 restitueret,
1864 2028 2082 2092 neque
2105 2006 2284 2072 addit
2327 2009 2354 2088 [
2365 2010 2400 2053 *
2413 2006 2604 2071 addi-

522 2082 725 2167 dit?*]
758 2110 915 2151 cum
940 2089 1209 2155 Caecina
1240 2091 1624 2177 possideret,
1667 2090 1781 2155 sed
1805 2092 1940 2156 sive
1961 2090 2329 2178 possideret
2357 2092 2416 2173 [*
2441 2114 2603 2178 pos-

522 2167 935 2255 sedisset?*],
972 2174 1109 2241 sive
1136 2196 1277 2239 non
1300 2175 1665 2263 possideret
1697 2172 2191 2264 [*possedisset'.²
2207 2179 2302 2257 *],
2343 2175 2602 2256 restitui

518 2256 706 2321 iussit
746 2282 831 2315 ==
874 2258 1062 2338 Quae
1077 2260 1444 2323 Hotmanni
1471 2261 1930 2345 interpretatio
1951 2258 2322 2325 luculenter
2342 2260 2596 2325 refelli-

516 2350 633 2403 tur
656 2342 739 2431 2)
782 2364 821 2405 a
844 2342 994 2407 loco
1012 2366 1181 2408 mox
1202 2344 1474 2409 laudato
1491 2369 1632 2431 pro
1653 2344 1950 2409 Caecina
1971 2352 2090 2421 323
2131 2342 2262 2411 hoc
2291 2345 2466 2409 enim
2493 2345 2602 2406 in-

515 2426 871 2491 terdictum
905 2450 1181 2492 omnem
1223 2430 1305 2491 de
1398 2430 1762 2494 ossessione
1801 2430 2331 2494 controvertendi
2374 2428 2600 2492 locum

516 2509 825 2588 tollebat3
856 2534 1061 2597 quare
1077 2513 1303 2575 Cicero
1402 2560 1418 2574 .
1455 2511 1540 2595 [§.
1559 2516 1702 2594 94]:
1733 2514 2050 2579 Possedit
2077 2516 2260 2579 enim
2283 2514 2594 2591 Caecina,

516 2590 1079 2681 Recuperatore33
1120 2609 1185 2660 et
1210 2596 1307 2675 id,
1330 2600 1605 2662 tametsi
1629 2610 1824 2662 extra
1851 2622 2137 2663 causam
2165 2610 2284 2679 est,
2306 2621 2594 2685 percur-

518 2700 678 2742 ram
715 2691 951 2742 tamen
994 2678 1217 2744 brevi.·
1312 2682 1558 2745 Veram
1609 2680 2070 2768 exceptionem
2111 2692 2594 2748 commemorat

515 2763 660 2909 {pse
686 2760 951 2826 Tullius
974 2763 1199 2851 Epist.
1224 2764 1321 2829 ad
1343 2762 1584 2855 famil.
1615 2765 1761 2831 VII.
1793 2775 1904 2836 132
1965 2766 2195 2855 Neque
2247 2778 2372 2845 est,
2419 2764 2622 2855 quod'

570 2845 711 2911 lam
740 2849 1195 2935 exceptionem
1224 2852 1277 2932 [*
1289 2851 1365 2915 in
1374 2853 1425 2933 *J
1453 2852 1806 2917 interdicto
1817 2854 2268 2939 pertimescas
2299 2852 2500 2935 Quod
2526 2847 2589 2940 3)

516 2942 590 2994 tri
669 2934 814 2997 rior
850 2933 931 2996 vi
968 2934 1349 3000 hominibus
1396 2938 1694 3001 armatis
1726 2960 1867 3001 non
1907 2938 2196 3003 veneris.
2281 2935 2382 2999 Ita
2417 2936 2589 2999 enim

514 3016 580 3079 vi
607 2954 699 3097 ῗ*
712 3013 939 3098 vis?*]
982 3018 1162 3082 illata
1206 3022 1598 3107 propulsata
1639 3020 1891 3085 fuisset.
1971 3020 2148 3084 Tota
2190 3021 2424 3085 Oratio
2451 3044 2588 3107 pro

520 3099 818 3167 Caecina
854 3103 927 3175 in
950 3102 1450 3189 interpretando
1483 3106 1612 3168 hoe
1635 3104 1984 3169 interdicto
2011 3117 2354 3183 versatur,
2387 3123 2586 3189 quare

514 3208 553 3248 a
590 3186 897 3271 pluribus
931 3186 1225 3252 abstineo
1243 3234 1262 3265 ,
1304 3190 1374 3253 id
1416 3190 1752 3253 monuisse
1783 3200 2130 3253 contentus
2169 3189 2578 3253 interdictum

474 3324 485 3329 -
516 3268 602 3334 de
620 3271 723 3335 Vi
747 3292 902 3335 cum
928 3270 1279 3335 interdicto
1310 3274 1397 3338 de
1422 3273 1528 3338 Vi
1550 3273 1930 3339 hominihus
1953 3276 2250 3349 armatis
2277 3272 2349 3337 in
2377 3290 2572 3339 unum

581 3454 653 3521 2)
684 3454 904 3507 *Immo
933 3454 1130 3509 eadem
1161 3458 1502 3510 Hotomanni

512 3539 671 3593 quae.
718 3524 983 3591 Peyronis
1030 3525 1300 3579 sententia
1361 3526 1501 3592 fuit,

509 3608 711 3661 parum
748 3592 883 3645 huic
921 3593 1227 3645 intellecta.
1308 3594 1389 3647 Cf.
1437 3598 1502 3647 de

509 3664 718 3787 ἒιὸάίωό
742 3682 885 3735 puro
926 3662 1039 3717 Cic.
1075 3665 1143 3715 de
1166 3666 1274 3719 inv.
1318 3666 1384 3719 11.
1412 3666 1504 3732 mi

582 3769 597 3782 .
661 3748 708 3783 r.
750 3770 768 3781 .
856 3758 863 3763 -

578 3748 658 3867 ἕξ
685 3806 713 3841 ¹⁸¹
730 3790 1133 3869 Corrigendum
1152 3789 1253 3879 q'uo
1283 3800 1502 3854 conieci

508 3868 568 3920 in
592 3869 714 3921 n.'4.
738 3868 817 3919 ad
844 3890 1051 3939 argum.
1082 3868 1195 3921 hut.
1222 3887 1305 3923 or.
1346 3875 1502 3938 Quod

506 3952 613 4015 pro
655 3940 834 4009 quoad
872 3938 1119 4004 positum
1159 3946 1347 3991 tuetur
1386 3956 1499 3991 non

506 4004 957 4071 improbabiliter
986 4009 1186 4057 Kortte
1228 4024 1413 4075 comp.
1441 4026 1499 4061 π.

508 4071 701 4122 XLIII.
732 4080 771 4123 t.
802 4072 886 4127 23.
930 4075 1031 4137 (de
1058 4076 1288 4141 cloacis)
1338 4076 1423 4127 fr:
1451 4081 1500 4131 1.
1547 4115 1553 4121 -

510 4138 559 4205 δ.
585 4139 637 4191 7.
658 4140 870 4209 placuit
898 4160 1005 4193 non
1034 4162 1151 4195 esse
1180 4147 1239 4196 in
1269 4148 1501 4216 incesdi—

1603 3469 1690 3511 cto
1719 3460 2024 3511 addendam
2051 3464 2258 3527 QUOD
2293 3462 2462 3516 NON
2493 3460 2544 3511 V
2539 3460 2584 3520 I,

1601 3526 1771 3582 ΝοΝ
1813 3532 2049 3593 GLAM,
2109 3530 2280 3581 NON
2317 3533 2585 3585 Pasca-

1601 3601 1738 3647 1110
1770 3602 1876 3649 AB
1909 3600 2090 3648 ILLO
2120 3602 2328 3652 USUS.
2365 3598 2592 3649 Nonve-

1601 3680 1726 3715 ram
1753 3672 1943 3715 autem
1979 3662 2064 3717 ibi
2093 3665 2287 3717 Cicero
2317 3664 2591 3733 exceptio-

1601 3748 1732 3813 nem
1757 3747 2231 3811 commemorasse
2243 3734 2483 3799 videtur,
2497 3730 2594 3811 sed

1599 3802 2595 3951 mmmmm&

1603 3939 1679 3991 cti
1701 3939 1770 3991 de
1800 3938 1872 3992 vi.
1921 3942 2043 3990 Non
2068 3937 2220 3991 enim
2245 3957 2302 3991 vi
2327 3942 2456 3995 vim·
2471 3939 2597 3997 illa-

1600 4016 1718 4059 tam
1757 4006 1998 4077 propelli
2029 4008 2360 4075 permiserat
2385 4007 2594 4061 Lucul-

1602 4076 1718 4141 lus;
1762 4076 1817 4127 id
1847 4077 1998 4145 quod
2025 4076 2302 4146 intelligas
2331 4095 2397 4129 ex
2425 4080 2480 4129 h.
2501 4084 2592 4127 ‘or.

1603 4146 1649 4213 ᾖ.
1670 4148 1750 4200 12.
1766 4162 1851 4215 pr.
1889 4145 1972 4199 Cf.
1987 4163 2043 4199 π.
2059 4146 2250 4197 XLIII·
2269 4148 2356 4215 16,
2371 4149 2420 4201 1.
2452 4148 2498 4215 5.
2515 4146 2598 4199 27.
