2859 4617
529 326 647 393 AD
690 323 830 393 on.
870 324 1045 393 PRO
1084 320 1182 393 M.
1224 322 1562 391 'mmo
1588 324 1668 409 ἐς..
1692 332 1797 397 36.
1827 359 1916 384 .--
1945 328 2049 396 53.
2213 280 2360 397 zos

266 498 779 575 Exounsus
816 500 939 571 lv.
1000 499 1133 571 An
1164 497 1321 571 on.
1350 496 1550 569 mo
1574 498 2074 571 M.TU1.L10
2123 492 2196 593 §.
2223 493 2346 569 53.-

268 672 413 741 De
455 670 947 750 actionibus
986 694 1087 737 ex
1126 670 1634 738 interdictis
1668 693 1830 760 per
1854 670 2354 761 formulam

523 772 1109 843 arbitrariam
1152 784 1303 839 aut
1342 796 1508 862 Per
1542 774 2109 862 sponsionem.

450 956 561 1037 Si,
646 956 1116 1026 interdicto
1172 958 1571 1025 exhibitorio
1626 959 1744 1027 vel
1795 957 2384 1041 restitutor-io·

273 1038 398 1108 vel
414 1042 868 1129 prohibitorio
898 1044 1062 1111 dam
1098 1047 1243 1145 quis
1280 1044 1694 1125 convenitur,
1739 1044 2181 1133 confiteatur.-
2225 1040 2366 1107 dici

260 1136 526 1227 potest,
570 1172 589 1190 .
631 1174 652 1193 .
699 1138 897 1194 omne
926 1152 1237 1211 omnino,
1284 1128 1464 1217 quod
1501 1130 1644 1217 quis
1687 1126 2030 1218 confessus
2057 1140 2188 1209 est,
2221 1150 2363 1219 pro

273 1211 581 1277 iudicato
622 1211 882 1277 haberi.
964 1212 1276 1279 Dabitur
1324 1214 1541 1299 igitur
1571 1236 1652 1277 ex
1683 1214 1788 1277 liis
1829 1213 2240 1292 actionibus,
2276 1234 2366 1277 ex

278 1294 512 1382 quibus
546 1294 689 1361 dies
726 1296 935 1360 datur
984 1297 1079 1359 ad
1109 1298 1600 1362 restituendam
1633 1321 1808 1377 rem,
1853 1296 2159 1445 confesso
2188 1307 2366 1361 tem-

265 1401 409 1465 pus
440 1378 537 1442 ad
572 1376 1063 1445 restitutionem
1090 1391 1186 1459 et,
1231 1381 1296 1443 si
1317 1404 1458 1443 non
1486 1382 1899 1462 restituatur,
1985 1384 2056 1447 is
2103 1380 2366 1448 aesti-

280 1460 659 1527 mabitur
686 1489 710 1526 .-
761 1472 840 1525 ut
880 1464 1203 1551 praecipit
1247 1462 1576 1549 Ulpianus
1604 1464 1674 1525 in
1705 1484 1775 1527 π.
1815 1462 2022 1528 XLII.
2052 1474 2106 1527 t:
2128 1473 2191 1531 2.
2247 1464 2368 1547 (de

286 1542 613 1633 confessis
693 1544 782 1611 fr.
819 1553 877 1613 6.
919 1546 976 1629 §.
1002 1556 1065 1613 2.
1153 1546 1603 1611 Interdict
1621 1571 1666 1611 a
1706 1571 1930 1611 noxa
1948 1548 2077 1611 Zia
2132 1569 2370 1610 secun-

288 1630 456 1693 dum
486 1628 577 1693 Pa
654 1652 776 1693 um
802 1630 891 1695 ib.
922 1628 1159 1697 XLIII.
1187 1641 1235 1695 t.
1266 1639 1326 1698 1.
1353 1628 1444 1693 fr.
1467 1638 1531 1700 5.
1553 1655 1638 1695 ea
1661 1642 1836 1711 sunt,
1883 1655 2054 1719 qnae
2084 1628 2164 1695 ob
2196 1630 2372 1694 deli-

289 1726 474 1777 ctum
504 1737 755 1794 eorum,
797 1740 959 1804 quos
981 1720 1057 1781 in
1074 1724 1411 1803 potestate
1445 1714 1785 1794 habemus,
1833 1716 2128 1779 dantur.-
2167 1714 2376 1779 veluti

290 1820 446 1885 cum
474 1799 553 1863 vi
580 1798 982 1881 deiecerunt,
1026 1812 1149 1867 aut
1174 1800 1251 1879 vi
1275 1810 1391 1865 aut
1416 1798 1598 1863 clam
1627 1822 1790 1887 opus
1817 1796 2148 1887 fecerunt.
2233 1796 2379 1865 Sed

290 1878 523 1971 officio
547 1883 788 1947 iudicis
814 1886 1207 1963 continetur,
1230 1896 1305 1948 ut
1323 1884 1686 1947 dominum
1715 1906 1840 1948 sua
1869 1886 2180 1971 impensa
2208 1888 2380 1971 opus'

290 1968 753 2031 restituentem
800 1968 1116 2033 absolvat
1126 1993 1151 2048 ,·
1209 1964 1302 2051 (f.
1337 1968 1536 2032 inser.
1577 1962 1739 2054 aut)
1775 1970 2200 2055 patientiam
2239 1968 2380 2032 tol-⁵

290 2048 495 2114 lendo
526 2052 720 2150 operi
739 2065 1106 2141 praestare
1133 2064 1253 2116 aut
1281 2074 1504 2115 noxae
1535 2050 1783 2116 dedere
1810 2054 2032 2117 iubeat
2061 2064 2123 2118 et
2150 2052 2376 2139 absol-

288 2145 458 2213 ναις
501 2158 562 2198 st
597 2159 737 2200 non
764 2136 979 2201 dedat
1022 2146 1345 2223 quantum
1380 2138 1729 2221 impensae
1754 2138 1828 2201 in
1853 2136 2152 2201 tollendo
2179 2160 2379 2224 opere

294 2230 659 2303 erogatum
702 2220 791 2281 sit
808 2265 826 2301 ,
892 2221 1074 2283 tanti
1117 2218 1515 2284 condemnet
1523 2243 1548 2294 3
1614 2219 1675 2281 si
1714 2242 1924 2317 neque
1956 2222 2378 2305 patientiam

283 2310 595 2385 praestet
632 2322 851 2387 neque.
875 2304 1018 2388 ipse
1052 2302 1278 2382 tollat,
1324 2325 1476 2365 cum
1499 2302 1754 2389 possit,
1799 2326 1874 2365 zn
1915 2313 2182 2367 tantu-m
2214 2312 2378 2383 con-5

302 2382 604 2462 demnet,
672 2384 761 2447 in
812 2395 1212 2485 quantum
1262 2385 1518 2450 iudex
1573 2387 2200 2468 aestimaverit,
2263 2400 2381 2453 at-

345 2491 426 2532 ue
448 2469 510 2532 si
534 2468 679 2555 ipse
696 2464 990 2557 fecisset.
1076 2466 1241 2533 Ibid.
1270 2480 1319 2533 t.
1348 2476 1449 2537 16.
1497 2465 1625 2554 (de
1651 2470 1730 2533 vi
1752 2480 1814 2535 et
1843 2471 1927 2537 de
1951 2473 2029 2535 vi
2063 2468 2378 2557 armata)

297 2490 388 2618 ἕτ.
422 2561 483 2619 1.
526 2556 594 2636 5‘.
621 2558 728 2621 41.
819 2553 904 2619 V
894 2556 1171 2619 ivianus
1199 2550 1433 2643 refert,
1479 2554 1556 2618 in
1582 2554 1707 2618 hoc
1740 2554 2096 2620 interdicto
2126 2555 2381 2636 omnia,

300 2660 723 2727 quaecunque
763 2636 1111 2704 habiturus
1139 2638 1257 2704 vel
1280 2639 1712 2704 adsecu-turus
1741 2651 1892 2705 erat
1918 2643 2010 2721 is,
2055 2642 2171 2729 qui
2196 2640 2382 2708 deiessss

303 2734 445 2784 ctus
488 2731 612 2801 est,
658 2722 719 2785 si
757 2726 835 2787 vi
872 2723 1162 2790 deiectus
1205 2734 1346 2788 non
1388 2734 1584 2803 esset,
1629 2726 1890 2812 restitui
1933 2737 2051 2791 aut
2093 2728 2382 2792 eorum

306 2803 543 2867 litem
591 2827 639 2867 a
680 2806 957 2870 iudice
1002 2810 1466 2883 aestimari
1509 2806 1849 2873 debere.-
1913 2836 2063 2875 eum
2107 2836 2187 2875 ue
2217 2823 2382 2877 tan-

305 2896 449 2952 tum
472 2900 1007 2968 consecuturum,
1052 2892 1294 2977 quanti
1334 2888 1458 2953 sua
1481 2891 1827 2955 interesset
1857 2916 1927 2955 se
1948 2896 2026 2957 vi
2103 2897 2381 2961 eiectum

300 2964 449 3037 'non
493 2994 669 3035 esse.-
712 2970 793 3034 de
836 2972 1077 3055 quibus
1120 2982 1399 3059 testetur
1431 2970 1799 3059 Ulpianus:
1847 2977 2230 3063 pariterque
2273 2978 2382 3041 hic

306 3054 460 3120 ibid.
491 3065 536 3118 t.
562 3062 668 3123 24.
692 3052 777 3121 fr.
809 3052 910 3125 1‘5.
938 3052 994 3137 §.
1012 3062 1073 3121 9.
1104 3062 1201 3121 11.
1232 3076 1281 3119 ε.
1304 3056 1688 3141 respondet,
1730 3057 2082 3123 interdicto
2125 3060 2378 3139 QUOD
2513 3093 2516 3101 ·

306 3137 403 3204 VI
453 3138 645 3205 AUT
702 3138 942 3202 CLAM
1002 3137 1324 3205 contineri
1373 3140 1454 3203 id
1498 3160 1802 3225 quoque,
1867 3143 2047 3229 quod
2083 3146 2418 3224 interest,·

243 3301 251 3307 ,
310 3235 433 3291 aut
455 3247 597 3313 per
633 3224 737 3290 ias
777 3222 1179 3303 iurandum,
1233 3223 1414 3312 quod
1456 3223 1532 3287 in
1563 3222 1754 3287 litem
1796 3235 1988 3289 actor‘
2027 3228 2383 3309 iuraverit,

310 3320 459 3391 aut,
514 3310 579 3373 si
606 3309 839 3374 iurare
866 3334 1007 3374 non
1033 3308 1281 3396 possit,
1326 3306 1571 3373 iudicis
1600 3304 1836 3395 officio
1860 3312 2381 3395 aestimandum,

310 3404 375 3456 ct
398 3395 755 3480 petitorem
788 3392 857 3456 id
882 3404 1042 3458 tunc
1086 3390 1378 3458 arbitrio
1404 3392 1648 3459 iudicis
1671 3391 2176 3481 aestimandum
2191 3446 2212 3479 ,
2255 3398 2385 3465 nisi

306 3474 443 3539 iam
469 3476 591 3540 alia
620 3477 878 3543 actione
900 3474 1106 3543 fuerit
1127 3488 1538 3558 consecutus,
1563 3498 1647 3541 ex
1670 3476 2016 3545 interdicto
2044 3484 2381 3571 consequi.
2472 3551 2485 3568 s

312 3558 536 3638 Quam
568 3560 655 3624 ob
698 3585 845 3625 rem
872 3584 1063 3641 reus,
1108 3560 1261 3648 qui,
1305 3560 1492 3627 nulla
1537 3562 1926 3651 exceptione
1953 3586 2229 3647 usurae,
2273 3568 2384 3631 izi-'-

310 3642 589 3707 tel-dicto
646 3644 1107 3735 obtemperare
1151 3666 1291 3709 non
1332 3657 1622 3727 recusat,
1690 3648 2021 3715 arbitrum
2062 3652 2382 3741 postulat,
2509 3664 2515 3671 '

358 3727 510 3792 nasi
538 3728 663 3793 hoc
689 3729 838 3817 ipso
859 3727 1196 3819 confessas
1238 3730 1559 3798 videatur
1589 3734 1930 3801 restituere
1957 3760 2026 3803 se
2051 3737 2166 3802 vel
2192 3737 2381 3803 exhi-

315 3750 469 3879 Zere
496 3810 765 3893 debere,
809 3824 887 3878 ut
910 3814 998 3878 ait
1027 3812 1231 3878 Gaius
1271 3816 1451 3881 instt.
1481 3830 1913 3885 commentar.
1945 3818 2054 3886 IV.
2079 3822 2139 3905 §.
2173 3830 2312 3893 163.
2341 3832 2366 3879 '-

480 3930 620 4013 Qui
658 3944 885 3997 autem
935 3954 1088 3999 reus
1104 3978 1127 4013 ,
1196 3944 1275 3999 ut
1314 3934 1741 4004 incommoda
1795 3960 1898 4007 ex,
1919 3930 2268 4014 interdicto⁴
2311 3941 2383 4007 in

310 4016 539 4105 ipsum
578 4014 1035 4085 redundatura
1072 4042 1109 4082 a
1156 4040 1224 4082 se
1270 4018 1652 4107 propulset,
1699 4023 2062 4111 disceptare
2113 4024 2404 4106 mavolt,-

312 4100 741 4191 sponsionem
767 4102 941 4169 facit.
1026 4100 1269 4189 Itaque,
1313 4115 1395 4177 ut,
1416 4115 1514 4176 est
1541 4104 1694 4177 ibid.
1717 4106 1776 4193 §-
1817 4116 1958 4179 141·
1999 4110 2204 4181 modo
2233 4131 2383 4183 cum
