2859 4617
657 283 1416 359 FRAGMENTORUM
1454 288 1617 360 ele.
1896 261 1901 272 “
2034 279 2179 359 mi

125 456 308 523 dicere
343 456 577 535 habeo.
663 456 962 523 Tertiam
989 457 1449 526 Kiloniensem
1482 478 1636 523 sane
1664 454 1917 530 utiliter
1949 456 2053 521 ins
2102 479 2175 523 e-

123 544 342 607 xissem
380 542 546 608 dum
569 540 740 607 hanc
771 564 992 607 meam
1020 538 1374 607 editionem
1417 542 1847 618 adornarent,
1888 540 2015 603 nisi
2108 541 2176 607 ‘u

121 638 470 714 expectata,
511 637 673 691 tun-c
697 622 974 689 demum
1001 626 1082 692 ad
1107 648 1218 691 me
1239 628 1550 709 venisset,
1592 646 1809 712 quum
1831 644 2011 693 nova
2034 624 2175 691 edi·-

117 709 196 789 tio,
213 711 352 777 iam
375 709 459 777 ad
486 708 886 775 umbilicum
913 708 1196 775 deducta
1223 717 1409 791 esset.

271 868 375 933 114
457 859 710 929 Prodiit
739 856 946 926 'editio
985 856 1388 928 Kiloniensis
1416 876 1575 929 cum
1608 854 2181 929 emendationibus

113 958 164 1011 ct
189 944 685 1019 commentariis
709 945 916 1011 Andr.
943 942 1124 1011 Gujl.
1147 940 1449 1013 Crameri
1478 944 1938 1027 iurisconsulti
1964 956 2029 1011 et
2048 946 2179 1011 Ca·-

110 1032 223 1095 rol.
252 1030 428 1095 Frid.
456 1026 813 1095 Heinrichii
855 1028 1183 1118 philologi
1227 1054 1400 1096 anno
1433 1028 1919 1095 MDCCGXVI.
1958 1030 2093 1095 vol.
2120 1028 2181 1099 I.

50 1097 53 1203 ᾖ
108 1113 166 1177 in
193 1118 294 1183 4⁰.
360 1114 505 1179 Iam
527 1113 600 1179 hi
626 1113 762 1181 duo
791 1114 1098 1201 perdocti
1119 1116 1535 1201 modestique
1562 1114 1873 1181 homines
1895 1113 2182 1203 diligen-

50 1204 65 1256 ’.
106 1198 148 1260 ti
197 1197 567 1263 admodum
594 1198 836 1275 ‚studio
893 1198 966 1261 in
1020 1197 1146 1262 hac
1197 1199 1655 1265 lucubratione
1707 1200 1947 1266 versati
1996 1208 2180 1263 sunt.

103 1280 438 1347 Praefatur
479 1280 892 1344 Heinrichius
952 1302 1106 1345 sane
1147 1284 1430 1367 graviter
1476 1295 1541 1346 et
1582 1304 1739 1346 cum
1777 1284 2035 1349 curiosa
2076 1280 2181 1347 rei
2208 1307 2217 1313 ·

101 1376 312 1449 gestae
339 1364 776 1455 expositione.
795 1442 809 1457 ⁸
861 1364 1252 1447 Sequuntur
1293 1366 1629 1429 orationes
1658 1388 1815 1429 cum
1846 1366 2183 1452 amplissi-

98 1470 216 1512 mo
247 1454 752 1521 commentario,
791 1464 863 1508 in
889 1464 1096 1529 quem
1119 1446 1400 1509 eximiae
1424 1447 1813 1531 diligentiae,
1856 1449 2183 1513 eruditio-

97 1533 198 1593 nis
215 1576 239 1609 ,
297 1526 455 1593 artis
495 1525 752 1589 criticae
765 1571 786 1605 ,
831 1526 1350 1611 omnigenaeque
1389 1526 1725 1591 doctrinae
1768 1550 1932 1614 opes
1976 1529 2183 1593 innu-

97 1634 316 1677 meras
345 1610 786 1674 coniecerunt.
869 1608 972 1673 Ad
1006 1608 1491 1673 emendandum
1524 1609 1741 1697 princi
1788 1610 1843 1673 is
1883 1608 2185 1675 editionis

100 1708 368 1761 textum
381 1692 746 1781 multiplici
761 1692 1142 1757 coniectura
1157 1692 1261 1757 usi
1273 1703 1449 1771 sunt,
1462 1692 1669 1758 modo
1682 1691 1749 1759 fe
1780 1692 1960 1759 ‘citer
1972 1694 2183 1760 modo

99 1802 320 1858 secus,
361 1776 572 1844 modo
615 1777 706 1844 ita
745 1786 826 1841 ut
865 1776 1056 1841 novis
1086 1775 1299 1841 adhuc
1335 1776 1806 1842 tentaminibus
1847 1777 2032 1843 locus
2076 1778 2181 1845 sit.

97 1866 334 1951 Neque
361 1884 482 1947 ego
509 1860 693 1925 locos
725 1882 956 1925 omnes
983 1881 1333 1947 percurro,
1343 1882 1557 1947 neque
1582 1860 1783 1926 laudo
1813 1861 1916 1927 vel
1942 1860 2181 1928 refello

99 1945 394 2033 singulas
414 1944 848 2009 coniecturam
892 1964 1066 2009 nova
1085 1944 1269 2009 enim
1295 1966 1445 2009 mea
1467 1945 1663 2009 editio
1696 1945 1781 2011 ad
1810 1946 2183 2012 ambrosia-

99 2053 274 2095 num
299 2028 810 2117 palimpsestum
833 2028 1080 2093 iterum
1109 2037 1370 2105 exacta,
1415 2028 1579 2113 quid
1604 2028 1769 2095 bene
1802 2030 1964 2115 quid
1994 2054 2183 2096 secus
2286 2086 2291 2093 .

99 2112 572 2203 praestiterint,
586 2112 838 2199 passim
854 2110 1141 2193 ostendit
1157 2110 1292 2198 29).
1336 2111 1539 2177 Plura
1563 2114 1761 2177 etiam
1790 2136 1827 2177 a
1852 2136 1963 2177 me
1983 2132 2185 2202 prae-'-

101 2208 422 2284 occupata
435 2206 592 2259 sunt
616 2194 715 2261 vel
735 2196 806 2259 in
821 2194 968 2282 ipso
981 2194 1191 2262 Tullii
1213 2206 1535 2259 contextu
1546 2195 1655 2261 vel
1668 2196 1741 2259 in
1752 2198 1950 2262 notis.
1994 2199 2185 2277 Qua-

98 2305 173 2347 re
202 2282 278 2344 in
308 2280 411 2343 his
440 2278 789 2343 immorari
817 2298 1376 2363 supervacaneum
1415 2288 1533 2343 est.
1616 2278 1849 2341 Bootis
1876 2279 2189 2345 observa-

101 2364 398 2429 tionibus
430 2362 723 2448 aliquam·
760 2362 958 2425 etiam
988 2372 1220 2425 contra
1262 2383 1389 2424 nos
1416 2360 1808 2424 sententiam
1834 2361 2191 2427 Cramerus

50 2460 53 2495 Ξ
103 2461 165 2515 et
194 2444 614 2511 Heinrichius
644 2444 1172 2508 immiscuerunt.
1259 2442 1412 2522 Qua
1439 2442 1519 2507 de
1561 2465 1638 2507 re
1658 2442 1842 2509 haud
1880 2446 2189 2532 equidem

50 2496 55 2603 1
104 2530 397 2597 certandi
445 2528 664 2593 studio
723 2548 882 2595 cum
929 2528 1086 2593 viris
1128 2525 1654 2608 humanissimis,
1739 2526 1853 2593 sed
1901 2530 2193 2597 veritatis

50 2606 53 2637 ¹
102 2615 312 2703 gratia
331 2612 618 2679 breviter
647 2612 885 2680 dicam.
2010 2654 2021 2665 -

280 2764 386 2825 12.
469 2754 890 2821 Heinrichius
940 2753 1074 2819 hoc
1134 2754 1563 2843 reprehendit
1603 2764 1689 2827 80
1794 2756 1865 2821 in
1916 2758 2198 2846 praefa-

50 2844 53 2849 '
105 2844 290 2908 tione
313 2862 460 2905 mea
487 2837 672 2927 (cap.
697 2837 854 2925 IV.)
899 2840 1082 2925 quod
1111 2860 1230 2924 ego
1261 2838 1649 2905 Federicum
1738 2848 2195 2919 orromaeum‚

50 2954 53 3001 ξ
107 2924 544 2991 bibliothecae
579 2921 1030 2987 ambrosianae
1049 2920 1508 3003 fundatorem,
1552 2923 1693 2987 dixi
1720 2922 1921 3009 largis
1944 2946 2199 2989 mune-

108 3011 293 3075 ribus
321 3005 676 3074 redemisse
699 3005 948 3068 codices
973 3028 1010 3067 a
1035 3004 1467 3068 Bobiensibus
1498 3004 1863 3083 monachis,
1908 3028 2075 3089 quos
2098 3018 2197 3069 ta-

110 3117 268 3158 men
301 3090 554 3157 codiees
588 3087 850 3153 Boscha
883 3084 1140 3151 oblatos
1175 3085 1491 3151 munifice
1514 3112 1551 3151 a
1588 3088 2079 3174 possessoribus
2106 3089 2199 3153 ait

111 3178 334 3262 (locus
374 3173 552 3239 enim
593 3170 990 3248 Mabillonii,
1035 3191 1240 3257 quem
1279 3170 1443 3235 item
1489 3170 1717 3238 laudat
1756 3170 2199 3255 Heinrichius,

110 3274 422 3327 neutram
437 3258 508 3320 in
519 3268 780 3345 partem
796 3254 974 3319 trahi
985 3254 1254 3343 potest.)
1294 3290 1376 3302 ——-
1415 3254 1543 3319 Sed
1562 3254 1739 3319 enim
1754 3254 1833 3319 de
1854 3277 1930 3319 re
1956 3254 2200 3321 dorme-

110 3348 267 3410 stica
291 3340 500 3407 facilis
539 3340 710 3403 mihi
747 3341 1093 3439 responsio
1136 3349 1252 3403 est.
1341 3338 1623 3427 Quippe
1649 3339 1721 3402 in
1762 3340 2034 3419 cunctis,
2078 3340 2199 3427 qui

112 3428 294 3517 apud
320 3448 446 3491 nos
469 3434 656 3503 sunt,
697 3424 1131 3489 Bobiensibus
1165 3424 1499 3489 codicibus
1540 3424 1783 3511 scripta
1822 3425 2073 3489 mentio
2100 3436 2203 3489 est

112 3529 480 3577 munerum
551 3507 790 3593 quibus
853 3506 1240 3593 magnificus
1295 3506 1637 3573 Federicus
1709 3531 1824 3573 eos
1890 3509 2198 3573 red-emit.
2274 3513 2293 3531 ⁹

115 3595 458 3677 Quoniam
501 3613 660 3657 vero
712 3614 941 3655 earum
984 3592 1497 3679 inscriptionum
1538 3614 1673 3657 una
1718 3590 1859 3656 fere
1890 3592 2198 3657 formula

116 3693 206 3744 est
223 3726 244 3759 ‚
282 3681 500 3744 instar
527 3675 838 3769 omnium
868 3676 952 3737 sit
977 3675 1316 3761 inscriptio
1355 3676 1567 3761 ipsius
1592 3676 1928 3739 Seduliani
1948 3676 2203 3761 palim-

50 3770 53 3849 ξ
115 3764 318 3851 psesti
353 3784 390 3827 e
425 3758 612 3823 euius
623 3778 885 3909 2zrlore
918 3758 1244 3842 scriptura
1281 3769 1416 3822 tres
1438 3758 1650 3823 Tullii
1700 3759 2031 3823 orationes
2062 3779 2204 3850 pro

50 3854 53 3915 ἓ
117 3850 414 3925 Scauro,
452 3866 586 3931 pro
729 3839 849 3905 llio
875 3850 938 3903 et
955 3862 1096 3927 pro
1119 3839 1368 3925 flacco
1393 3864 1432 3907 a
1452 3862 1563 3907 me
1590 3850 1813 3907 erutae
1833 3852 2009 3905 sunt.
2096 3838 2207 3903 Sic

115 4120 160 4171 Τ
179 4050 296 4129 29)
361 4044 636 4173 :¹3:⁶an
699 4043 873 4099 etiam
935 4038 1116 4095 cum
1283 4040 1387 4113 80)
1423 4038 1744 4113 Ean-101».
1770 4040 1864 4096 1X.
1894 4058 1949 4097 n.
1979 4042 2037 4098 6.

160 4132 362 4171 aurine
909 4137 916 4143 -

1759 4204 1799 4246 e
1859 4224 1863 4233 .
