2859 4617
663 337 788 388 ων
961 344 968 352 -
1039 258 2375 407 A.MA11NOVAEED1T10NIS

614 524 621 537 ·
657 486 892 579 ptitata
925 492 1106 551 sunt.
1187 482 1453 551 Scholia
1496 484 1581 551 ad
1616 483 2009 551 Terentium
2050 491 2204 547 ante
2232 479 2568 549 decimum
2598 502 2746 550 sae-,

658 571 889 637 culum
921 580 1074 633 nata
1103 590 1224 655 ego
1256 568 1398 657 ipse
1425 568 1563 634 luci
1584 568 1911 647 mandavi,
1935 588 2104 653 quae
2130 565 2405 653 quidem
2420 566 2511 649 ab
2540 564 2747 633 huius

659 653 954 721 Tulliani
991 653 1126 718 inte
1209 654 1370 721 retis
1411 653 1755 719 nobilitate
1794 674 2001 739 quam
2038 650 2239 748 longe
2276 650 2511 730 absint,
2556 650 2748 715 dictis

661 736 1061 805 confirmare
1085 737 1153 801 n'
1211 758 1388 824 opus
1411 747 1537 802 est.
1619 736 1749 801 Alii
1774 758 1932 804 vero
1950 734 2159 800 Tullii
2180 746 2569 823 interpretes
2600 731 2750 821 (qui

661 820 942 913 plurimi
967 820 1038 885 in
1061 820 1493 886 ambrosianis
1520 818 1847 891 codicibus
1870 815 2118 907 latent)
2143 838 2359 905 neque
2381 816 2597 885 multa
2621 839 2751 883 ne-

713 928 798 970 ue
823 902 1001 969 bona
1039 904 1416 971 eruditione
1442 904 1731 993 pollensis
1773 902 2211 991 etymologias
2238 902 2751 982 vocabulorum,
2848 978 2850 981 Α

664 928 1040 1076 figurarum
1077 990 1485 1069 notationes,
1544 988 1832 1077 aliasque
1878 1007 1977 1052 nu
2020 1009 2089 1053 as
2128 986 2473 1084 pueriliter
2510 1006 2751 1053 conse-

665 1084 956 1139 ctantur.
1043 1072 1224 1153 Quid
1243 1070 1535 1139 referam
1566 1072 1953 1139 elocutionis
1977 1010 2317 1137 filuucm?
2358 1069 2521 1158 quid
2548 1068 2752 1138 verba

667 1157 752 1221 de
786 1155 1086 1220 barbarie
1105 1154 1422 1223 fluentia?
1524 1158 1639 1223 uid
1674 1156 1954 1221 scabiem
1984 1165 2051 1221 et
2072 1154 2479 1243 porriginem
2496 1149 2531 1217 ἲ
2586 1152 2753 1239 quid

669 1239 1126 1305 scholasticam
1147 1179 1525 1307 levitatemtl
1582 1241 1991 1307 Asconianus
2020 1248 2272 1316 contra,
2298 1260 2501 1325 quem
2528 1248 2749 1316 tueor,

671 1324 1188 1390 commentarius
1228 1346 1461 1390 earum
1504 1324 1811 1392 omnium
1856 1320 2397 1388 lucubrationum
2444 1322 2753 1407 obiurgat
2850 1387 2852 1391 ,

668 1408 1015 1473 insaniam.
1139 1407 1323 1473 Adde
1404 1410 1540 1474 uod
1578 1409 1647 1473 in
1702 1407 2009 1472 codicum
2051 1406 2501 1471 recentiorum
2540 1426 2753 1494 paene
2850 1450 2852 1457 ·

675 1491 988 1557 omnibus
1026 1490 1289 1557 scholiis
1325 1516 1360 1557 c
1448 1492 1663 1557 istiani
1708 1490 1991 1578 sparsim
2024 1488 2197 1555 ritus
2243 1490 2493 1553 semina
2538 1511 2749 1577 appa-
2850 1510 2852 1521 ²

672 1584 825 1640 rent
839 1598 858 1637 ε
917 1586 992 1639 ot
1037 1576 1110 1639 in
1161 1574 1266 1641 his
1310 1576 1689 1641 Asconianis
1733 1596 1918 1639 secus
1958 1572 2063 1641 fit.
2166 1572 2489 1652 Quamvis
2528 1578 2757 1637 autem'

674 1657 940 1723 scholiis
983 1658 1252 1724 ubertas
1291 1661 1610 1727 orationis
1656 1658 1953 1725 adhiberi
1977 1679 2120 1724 non
2148 1666 2401 1745 potest,
2442 1656 2609 1721 nitet
2644 1666 2758 1719 ta·-

673 1763 836 1807 men
861 1743 932 1807 in
951 1740 1055 1806 his
1087 1743 1318 1808 limata
1349 1744 1689 1829 quaedam·
1714 1753 1780 1807 et
1808 1762 2042 1807 rerum
2066 1750 2131 1807 et
2156 1738 2517 1806 verborum
2546 1760 2757 1805 mun-
2850 1768 2852 1773 ·

677 1824 900 1893 dities..
968 1825 1226 1891 Rursus
1279 1829 1559 1908 nescias,
1618 1827 1690 1891 in
1726 1825 1907 1891 hisce
1948 1825 2209 1913 scriptis
2246 1824 2627 1889 eruditionis
2670 1846 2757 1887 an
2849 1882 2851 1885 ,

676 1906 1020 1973 latinitatis
1059 1911 1276 1974 maior
1309 1911 1456 1975 laus
1494 1910 1926 1976 contineatur.
2008 1909 2235 1974 Presse
2263 1907 2483 1993 itaque
2510 1908 2756 1972 dicamz
2853 1986 2854 1991 ἵ

681 1989 848 2056 adeo
893 1990 1005 2055 hic
1038 1991 1207 2057 liber
1233 1994 1668 2060 Asconianam
1710 1992 1881 2058 mihi
1916 2007 2275 2081 personam
2309 1992 2629 2056 sustinere
2655 1992 2760 2057 vi-
2852 1992 2854 2063 f

681 2074 878 2141 detur
891 2120 914 2153 ,
955 2084 1036 2141 ut
1070 2077 1126 2139 si
1175 2076 1413 2143 diserte
1444 2078 1515 2141 id
1558 2076 1939 2155 adfirmem,
1982 2075 2161 2164 apud
2205 2096 2453 2163 aequos
2488 2076 2760 2165 quidem
2852 2146 2854 2159 ¹

680 2158 924 2227 iudices
955 2170 1192 2227 notam
1213 2161 1596 2227 temeritatis
1620 2161 1739 2229 vix
1773 2159 2261 2249 pertimescam.

409 2380 640 2465 ‹to-dices
851 2376 969 2445 IV.
1054 2378 1322 2447 Praeter
1363 2380 1533 2445 duos
1573 2378 2061 2469 palimpsestos,
2104 2376 2223 2463 qui
2242 2375 2525 2443 mirifica
2552 2374 2765 2444 felici-
2854 2336 2856 2413 4

356 2452 496 2570 ”3¹:¹¹¹
525 2468 653 2533 9³¹³.-
684 2471 820 2527 tate
843 2461 917 2527 in
944 2462 1358 2531 ambrosiana
1383 2463 1777 2529 bibliotheca
1805 2460 2307 2549 superfuerunt,
2326 2462 2619 2547 ingentes
2644 2486 2766 2528 co-

288 2584 298 2595 ·
409 2537 654 2641 302⁸?ss
685 2546 914 2611 dicum
936 2546 1412 2614 Tullianor‘um
1429 2592 1451 2627 ‚
1495 2546 1748 2611 divitias
1784 2544 1971 2632 apud
1994 2566 2119 2610 nos
2162 2545 2457 2610 conditas
2482 2546 2768 2633 iampri-

357 2606 654 2725 pal'imli'se·
688 2627 840 2692 dem
882 2650 1237 2711 noveram,
1282 2652 1445 2715 quas
1484 2651 1606 2715 ego
1640 2629 1765 2693 nisi
1804 2648 2335 2710 commoverem5
2388 2625 2773 2715 ἀχαριστίας

358 2726 474 2787 stis,
507 2725 667 2777 Cice-
687 2712 940 2777 crimen
991 2712 1298 2779 adversus
1339 2713 1473 2778 loci
1517 2710 1917 2779 munificum
1956 2710 2393 2779 Conditorem
2426 2712 2769 2781 subiturus

360 2809 558 2845 ranem
581 2792 864 2859 a1²·1nihi
885 2794 1174 2862 videbar.
1213 2794 1429 2893 Igitur
1454 2818 1669 2883 quum
1701 2794 2005 2861 acerrimi
2028 2807 2242 2861 essent
2266 2818 2533 2863 morsus
2564 2800 2771 2863 amis-

447 2870 598 2933 ὕπ’·
690 2898 930 2943 sorum
969 2878 1301 2947 Ciceroms
1343 2878 1677 2947 librorum
1692 2924 1715 2959 ,
1780 2900 2131 2967 quumque
2176 2880 2350 2947 mira
2389 2881 2771 2970 impellerer

691 2962 1045 3050 cupiditate
1065 2964 1152 3029 ad
1183 2966 1312 3030 scri
1360 2975 1544 3030 turas
1574 2962 1897 3030 eiusmodi
1924 2963 2361 3050 vestigandas,
2401 2964 2590 3055 coepi
2616 2972 2772 3031 ma'-

689 3068 820 3134 gna
845 3060 1141 3135 spectare
1171 3061 1236 3115 et
1273 2988 1362 3115 ag
1388 3072 1462 3115 ea
1486 3047 1859 3116 vehementi
1889 3047 2112 3113 studio
2139 3048 2551 3116 contendere.
2636 3050 2771 3116 Sed

690 3153 812 3218 ego
841 3131 1065 3201 laevus
1096 3134 1214 3222 qui
1237 3135 1640 3223 speraverim
1666 3132 2089 3199 ambitiosam
2114 3131 2405 3221 aliquam
2428 3154 2771 3219 gemmam

689 3236 779 3279 ex
819 3214 925 3281 his
964 3215 1210 3283 fodinis
1261 3219 1659 3285 extundere!
1742 3217 1991 3281 Omnes
2036 3215 2216 3281 enim
2252 3216 2399 3283 illae
2438 3216 2771 3283 Ciceronis

689 3319 732 3361 o
785 3320 980 3365 erum
1023 3301 1376 3367 sollemnes
1408 3302 1679 3367 lacunae
1715 3298 1886 3366 mihi
1929 3320 2000 3363 se
2024 3298 2281 3398 ubique
2316 3300 2771 3369 obtruserunt.

758 3382 897 3445 uod
921 3404 1041 3469 ego
1069 3384 1142 3447 in
1167 3406 1314 3449 eam
1389 3396 1599 3449 artem
1626 3384 1867 3472 accepi,
1906 3382 2327 3472 temporibus
2349 3384 2585 3449 scilicet
2607 3384 2772 3449 bar-

687 3460 864 3527 baris
887 3485 1103 3551 pauca
1139 3488 1304 3555 supe
1375 3468 1543 3533 uisse
1567 3466 2005 3555 exemplaria,
2050 3488 2255 3553 eaque
2275 3468 2421 3555 ipsa
2444 3466 2772 3556 imperfe-

687 3556 824 3612 cta=
893 3547 978 3612 ab
1017 3546 1122 3614 his
1147 3552 1534 3619 universum
1616 3552 2015 3617 raesentium
2041 3550 2374 3617 librorum
2406 3574 2611 3638 genus
2644 3574 2773 3619 ex-

690 3652 1016 3719 pressum.
1119 3632 1300 3723 Ergo
1345 3636 1464 3704 vix
1504 3660 1541 3701 a
1589 3635 1799 3701 ducor
1842 3646 1923 3700 ut
1961 3635 2230 3701 credam
2246 3681 2267 3715 ,
2336 3658 2471 3701 esse
2512 3634 2773 3723 aliquos

693 3714 960 3803 uspiam
978 3716 1228 3783 codices
1257 3717 1587 3809 (exceptis
1612 3719 1817 3809 palim
1870 3720 2051 3785 sestis
2074 3730 2193 3785 aut
2218 3719 2545 3785 eiusmodi
2563 3720 2773 3786 raris-

691 3800 898 3896 simae
920 3804 1261 3869 vetustatis
1285 3804 1475 3870 libris
1485 3804 1676 3954 lani
1702 3805 1764 3868 T
1868 3804 2009 3869 ‘um
2052 3803 2563 3869 cumulatiorem
2602 3826 2775 3870 con-

689 3896 962 3951 uncant.
1043 3887 1344 3955 Iamvero
1376 3890 1459 3954 de
1541 3889 1591 3953 's
1618 3888 1963 3967 Tullianis,
2006 3888 2124 3975 qui
2152 3900 2311 3953 sunt
2336 3899 2606 3953 centum
2636 3888 2775 3955 cir-

693 3969 853 4035 citer
879 3982 944 4037 et
971 3973 1469 4065 quinquaginta,
1512 3973 1843 4049 codicibus
1872 3973 2125 4039 factum
2154 3983 2253 4037 est
2283 3995 2322 4039 a
2346 3993 2458 4038 me
2486 3973 2779 4059 diligen-

670 4061 828 4117 ,ἱεῖς
873 4054 988 4120 diu
1013 4058 1445 4145 multumque
1481 4058 1552 4124 in
1582 4059 1887 4125 manibus
1912 4054 2208 4120 fuerunt.
2264 4053 2521 4121 Verum
2550 4078 2775 4143 quum

695 4132 899 4201 Tullii
943 4140 1493 4229 supplementum
1532 4143 1801 4208 nullum
1845 4150 2257 4222 occurreret,
2300 4140 2372 4205 id
2400 4139 2569 4205 mihi
2594 4162 2774 4228 pen-
