2859 4617
737 295 909 362 PRO
950 293 1049 365 M.
1089 293 1460 367 AEMILIO
1499 291 1892 363 SCAURO..

2215 280 2344 367 ni

266 466 529 555 dolari,
576 426 817 560 pateat
842 470 1031 542 iustis
1060 466 1425 559 querck&
1493 466 1936 541 coniurations·
1974 460 2101 541 via'
2134 470 2348 543 intei-
2400 554 2408 563 .

272 572 607 659 cludatur,
656 574 1095 669 obsaepiatur
1118 572 1400 654 insidiis3
1443 594 1668 665 neque
1693 571 1836 643 hoc
1857 572 2170 643 inSardis
2189 596 2345 645 ma·-

270 806 375 859 Ιιοο
402 801 720 877 perfugium
760 802 899 877 dicit
948 806 1151 859 Orator
1189 802 1261 859 de

266 872 497 938 iudicio,
514 888 685 927 manu
715 873 1097 929 demonstrans
1124 890 1262 927 con-

268 957 482 993 sessum
506 942 772 995 iudicum.
826 942 915 994 Sic
940 946 986 1011 §-
1012 944 1093 998 13.
1117 946 1260 997 hanc

250 1009 565 1079 familiam,
586 1019 897 1061 monstrans
922 1018 1259 1079 praesentes.

264 1078 335 1133 Et
354 1082 416 1133 ln·
442 1095 608 1147 saepe
650 1078 721 1129 in'
740 1076 1082 1132 orationibus
1113 1078 1261 1131 iudi-

265 1164 358 1201 ces
386 1156 543 1213 sunt,
578 1155 642 1198 ut
666 1148 815 1216 apud
842 1148 1051 1203 Atticos
1078 1140 1258 1203 οὗτοι.

266 1217 313 1283 δ·
348 1220 433 1273 17.
472 1220 549 1273 ad
584 1218 771 1273 borum
802 1220 979 1287 fidem
1018 1233 1073 1271 οι
1109 1238 1261 1271 man·

266 1288 606 1341 suetudinem
630 1287 976 1356 confugiam:
1024 1302 1137 1355 quo
1164 1285 1261 1337 ni·

266 1350 350 1403 hil
388 1360 472 1403 est
519 1353 747 1420 propius
787 1356 891 1406 hoc
944 1355 1262 1425 perfugium

268 1418 433 1473 huius
466 1419 597 1473 loci.
677 1424 900 1490 Fragm.
934 1439 1038 1488 pro
1074 1420 1260 1475 Tullio

268 1486 320 1557 §.
350 1489 403 1541 6.
440 1504 503 1543 ut
530 1492 617 1545 Izi-s
660 1492 872 1562 aliquid
906 1494 979 1543 ad
1006 1494 1262 1545 iudican-

269 1561 397 1615 dam
436 1560 729 1631 relinquas.
820 1557 1069 1627 Denique
1104 1556 1261 1626 opti-

268 1642 393 1680 mus
420 1626 507 1678 sui
533 1626 807 1695 interpres
833 1627 1025 1682 Cicero
1049 1628 1111 1679 in
1136 1626 1262 1679 elu-

270 1696 496 1747 entiana
534 1712 580 1749 c.
603 1696 656 1749 3.
702 1696 787 1764 [§.
814 1698 863 1753 7.
889 1696 963 1765 s.]
1005 1713 1263 1766 „magna

267 1780 361 1819 me
392 1781 515 1831 spes
544 1772 729 1829 tenet,
779 1764 824 1815 si
856 1792 925 1805 —
962 1765 1149 1819 omnia
1180 1763 1263 1816 di·

270 1832 451 1886 cendo
494 1833 759 1905 consequi
795 1842 1062 1903 potuero,
1118 1839 1262 1889 hunc

268 1903 447 1955 locum
462 1922 864 1977 consessumque
881 1918 1120 1958 vestrum
1137 1912 1263 1954 tan-

271 1970 401 2021 dem
430 1970 543 2023 eius
566 1970 827 2022 fortunae
848 1970 1089 2025 miserae
1113 1971 1262 2023 mul-

264 2047 501 2107 tumque
522 2039 759 2093 iactatae
776 2056 997 2111 portum
1027 2062 1093 2093 ac
1112 2042 1259 2112 refu·

264 2112 418 2179 gium
444 2106 665 2161 fuisse.“
698 2112 931 2161 HEINR.
985 2108 1141 2163 Adde
1168 2126 1260 2161 ex-

266 2176 521 2244 emplum
556 2192 587 2227 e
615 2176 909 2228 Flacciana
948 2178 1031 2245 [c.
1058 2182 1107 2231 2.
1136 2176 1259 2247 pin]

269 2247 317 2313 ᾗ.
348 2246 397 2298 3.
440 2252 496 2295 et
534 2244 587 2297 4.
668 2248 841 2295 IDEM
876 2245 933 2297 in
978 2250 1157 2299 indice
1198 2264 1257 2314 p.

273 2314 395 2367 109.
423 2313 471 2367 b.
543 2314 624 2366 De
649 2329 807 2379 pron.
830 2316 921 2371 hic
952 2312 1011 2363 in
1045 2313 1261 2365 oratio-

270 2379 435 2434 nibus
464 2378 537 2437 cf.
550 2379 838 2437 Ruhnken.
860 2380 931 2433 ad
944 2382 1205 2437 Rutil.Lu
1246 2421 1262 2441 .

268 2464 329 2517 p.
367 2448 483 2507 118.
524 2456 581 2505 et
627 2449 799 2507 Wolf.
859 2448 931 2501 ad
978 2399 1261 2505 Demostii.

268 2518 485 2585 Leptin,
510 2534 563 2585 p.
587 2520 704 2585 222.
740 2536 872 2572 cum
914 2536 1153 2588 quorum
1180 2520 1263 2571 vi-

267 2602 465 2639 rorum
503 2586 821 2655 sententiis,
873 2586 921 2639 si
960 2606 1081 2642 rem
1120 2606 1262 2658 pro·-

265 2654 393 2725 pius
418 2672 443 2705 s
486 2664 655 2722 eotas,
679 2674 783 2711 nec
809 2674 938 2711 mea
961 2656 1263 2727 discordat,

267 2740 377 2802 nec
402 2673 623 2781 afli-ami
638 2763 655 2791 ‚
706 2743 876 2795 quam
900 2726 1261 2783 Ruhnkenius

266 2800 565 2859 vituperat.
600 2822 671 2833 --
714 2792 879 2857 Τάδε,
894 2796 1092 2859 ταῦτα,
1108 2801 1258 2861 haec,

270 2858 468 2913 dicunt
504 2859 797 2929 loquentes
848 2863 920 2915 de
966 2873 1262 2932 praesente

270 2926 615 2997 reipublicae
642 2938 795 2985 statu
819 2940 875 2983 et
902 2928 1159 2999 imperio,
1175 2932 1262 2983 id·

272 3014 381 3067 que
408 3013 539 3055 cum
564 3006 724 3067 gestu
748 2998 973 3067 quidem
990 3037 1007 3065 ‚
1040 3000 1137 3051 sed
1166 2998 1262 3073 qui

270 3066 524 3119 animum
596 3066 789 3135 prodit
864 3068 1263 3139 magnitudinis

270 3152 435 3187 sensu
498 3152 567 3189 ac
625 3138 939 3193 reverentia
998 3136 1259 3206 plenum:

310 3204 425 3259 uod
458 3204 867 3261 restituendum
908 3206 1125 3259 Caesari
1170 3222 1261 3273 ap.

296 3272 493 3333 ‚allusu
534 3274 689 3330 Catil.
734 3292 783 3328 c.
812 3278 894 3331 51.
936 3277 1037 3327 sub
1064 3276 1120 3331 fi.
1162 3273 1263 3327 uhi

267 3359 419 3399 nunc
455 3343 689 3413 legitur:
752 3345 1057 3411 „Profecto
1085 3344 1261 3399 virtus

270 3419 440 3479 atque
484 3413 755 3493 sapientia
806 3414 987 3467 maior
1036 3414 1093 3465 in
1152 3412 1263 3465 illis

268 3479 411 3544 fuit,
460 3498 556 3549 qiu
586 3500 651 3533 ex
683 3482 863 3550 parvis
904 3484 1103 3553 opibus
1139 3487 1262 3535 tan-

269 3555 395 3603 tum
420 3547 721 3616 imperium
748 3550 967 3617 fecere,
1006 3569 1175 3622 quam
1201 3552 1261 3605 in

268 3615 453 3679 nobis,
490 3617 587 3685 qui
618 3636 685 3671 ea
712 3620 854 3674 bene
869 3625 1028 3689 parta
1054 3621 1144 3675 vix
1171 3636 1263 3673 re-

268 3684 575 3740 tinemus.“
624 3688 927 3743 Praecessit
952 3694 1233 3759 imperium
1242 3710 1263 3751 ,-

269 3753 653 3809 necLatinum
678 3754 905 3825 quidem
935 3766 1017 3813 est
1040 3779 1110 3811 ea
1128 3778 1263 3826 par·

272 3839 355 3879 ta.
438 3823 590 3877 Corri
635 3841 691 3888 e,
744 3828 907 3878 haec.-
977 3824 1261 3895 qpomodo

265 3894 403 3945 Cato
426 3909 558 3945 mox
612 3892 839 3960 oquitur
864 3911 911 3947 o.
928 3894 1014 3951 52.
1050 3931 1087 3959 „
1101 3896 1263 3945 Nunc

265 3978 399 4015 vero
426 3979 541 4013 non
563 3960 622 4016 id
652 3961 857 4032 agitur,
876 3992 945 4003 -
970 3971 1261 4031 quantum,

264 4040 363 4083 aut
380 4048 549 4101 quam
566 4031 933 4101 magnificum
956 4030 1261 4099 imperium

262 4100 457 4169 populi
496 4100 767 4163 Romani,
798 4100 901 4159 sed
938 4101 1094 4157 cuius
1121 4105 1259 4159 >baec

264 4186 503 4239 cumque
526 4169 701 4237 modi,
736 4180 951 4239 nostra,
968 4188 1041 4226 an
1068 4169 1260 4226 nohis-

1360 818 1492 859 cum
1527 818 1634 855 una
1659 802 1934 869 hostium,
1965 801 2158 857 futura
2178 802 2354 859 sint.“

1357 871 1554 924 Intulit
1577 872 1695 924 illic
1721 872 1944 927 inscitia
1967 893 2052 940 ea,
2065 890 2169 941 pro
2193 878 2346 927 haee.

1360 944 1682 1010 „Perpetuo
1722 941 1844 994 fere
1872 946 1933 995 Ιιι·
1973 950 2030 1013 et
2063 946 2150 1013 ii„
2173 946 2262 997 his
2293 950 2350 993 et

1358 1014 1430 1063 iis
1460 1018 1567 1065 etc.
1602 1008 1910 1065 miscentur
1949 1008 2010 1059 in
2047 1010 2354 1063 Manuscri-

1357 1079 1526 1147 ptis.“
1597 1081 1826 1131 Gesner.
1863 1078 1924 1129 in
1958 1078 2158 1133 Lexico
2199 1084 2350 1134 Scrr.

1356 1146 1440 1199 rei
1487 1156 1622 1201 rust.
1726 1148 1793 1197 Et
1832 1146 1993 1201 huius
2047 1148 2352 1215 specimina

1359 1214 1701 1271 confusionis
1733 1215 1972 1269 vidimus
2015 1215 2073 1267 in
2105 1215 2235 1283 ipsis
2265 1216 2353 1267 Ci-

1358 1284 1581 1339 ceronis
1628 1286 1994 1355 Fragmentis.
2071 1288 2242 1337 IDEM
2289 1284 2351 1337 in

1358 1357 1542 1407 indice
1564 1370 1620 1421 p.
1637 1356 1755 1411 110.
1771 1370 1815 1406 8.
1853 1352 2034 1405 *Ach
2055 1375 2159 1427 pro
2183 1356 2352 1417 Quin·

1360 1426 1470 1475 ctio
1505 1424 1554 1483 k,
1587 1421 1638 1474 5.
1671 1429 1728 1472 et
1755 1422 1872 1475 obs.
1900 1422 1974 1473 ad
2000 1442 2077 1477 or.
2097 1444 2200 1494 pro
2219 1426 2352 1476 Tul-

1360 1490 1438 1543 lio
1479 1490 1526 1555 §-
1557 1488 1645 1543 38.
1669 1505 1724 1559 p.
1760 1491 1846 1545 50.

1430 1556 1790 1630 Obsepiatur]
1830 1556 1945 1607 (31ῐιει
1969 1555 2078 1607 Mai
2100 1554 2242 1625 legit
2261 1558 2353 1610 ob-

1359 1628 1629 1692 sidiatur,
1665 1633 1833 1693 atque
1873 1624 2187 1679 emendavit
2213 1628 2356 1679 obsi·-

1360 1696 1562 1751 dietur.
1630 1694 1799 1747 Verbi
1851 1696 2120 1747 obsidiari
2165 1692 2354 1745 forma

1361 1779 1523 1813 usum
1545 1779 1660 1815 esse
1675 1760 2040 1813 Columellam
2063 1760 2244 1815 lexica
2267 1763 2351 1819 in-

1361 1830 1572 1884 dicant.
1653 1830 1798 1893 Quid
1855 1830 2064 1901 igitur?
2133 1837 2216 1898 ᾼη
2283 1848 2351 1883 eo

1359 1900 1575 1973 passive
1603 1916 1730 1951 usus
1767 1899 1875 1953 erit
1899 1898 2151 1953 Tullius?
2208 1898 2353 1953 Mira

1361 1984 1585 2089 quujue
1625 1968 1778 2021 foret
1825 1967 2036 2020 locutio
2089 1972 2355 2023 obsidian'

1358 2041 1469 2093 insi
1507 2044 1612 2105 iiS,
1661 2054 1871 2109 nempe
1919 2054 2057 2105 pura
2103 2048 2352 2117 putaque

1356 2104 1686 2175 tautologia.
1772 2111 1957 2172 Quare
1998 2106 2350 2159 Heinrichius

1357 2174 1664 2241 reponebat
1689 2176 1986 2229 obsidatur.
2053 2176 2220 2242 Atqui
2245 2192 2351 2245 ego

1356 2240 1475 2312 legi
1514 2240 1572 2293 in
1609 2242 1974 2295 Ambrosiano
2013 2244 2353 2304 obsediatur5

1358 2327 1604 2379 pronum
1676 2326 1810 2379 ergo
1869 2318 1953 2363 est
2025 2312 2354 2383 obsepiatur,

1402 2377 1514 2429 uod
1539 2380 1792 2449 apprime
1833 2388 2102 2432 consonat
2132 2388 2357 2431 antece·

1362 2396 1517 2499 denti
1558 2448 1729 2501 verbo
1771 2450 2188 2505 intercludatur.
2245 2450 2352 2502 PR.

1358 2516 1486 2576 Dici
1543 2514 1770 2585 quidem
1821 2524 1978 2570 recte
2030 2524 2216 2585 potest
2258 2538 2356 2571 oc-

1363 2586 1509 2639 culte
1540 2602 1763 2657 pontem
1791 2588 2031 2641 obsidere
2069 2592 2124 2637 et
2153 2590 2356 2643 itinera

1361 2657 1584 2711 insidiis
1607 2658 1880 2716 obsidere,-
1926 2652 2024 2707 sed
2049 2658 2355 2713 coniuratio

1360 2726 1584 2784 insidiis
1633 2726 1902 2778 obsiditur
1941 2724 2085 2777 mira
2133 2733 2217 2779 est
2259 2722 2356 2777 lo-

1362 2791 1570 2861 quendi
1595 2792 1862 2849 formula.
1919 2794 2062 2845 Tum
2086 2800 2207 2845 tota
2229 2810 2356 2847 sen-

1360 2860 1568 2925 tentia,
1634 2878 1698 2917 ex
1743 2860 1985 2915 lectione
2047 2860 2356 2915 Heinrichii

1363 2928 1628 2995 eruenda,
1648 2929 1912 2983 Cicerone
1936 2928 2168 2985 minime
2185 2930 2357 2999 digna

1365 3004 1462 3049 est.
1551 2996 1656 3059 Qui
1707 2998 1855 3049 enim
1901 2997 2112 3049 iudices
2159 2999 2354 3051 Cicero

1361 3060 1578 3117 hortari
1602 3073 1882 3133 potest,ut
1909 3066 2357 3119 coniurationem

1358 3131 1415 3183 vi
1450 3142 1504 3184 et
1527 3132 1739 3188 insidiis
1762 3133 2176 3201 comprimant?
2223 3138 2358 3185 Sen-

1363 3217 1456 3253 sus
1483 3203 1670 3273 potius
1707 3202 1986 3272 postulare
2009 3201 2258 3269 videtur,
2295 3210 2360 3255 ut

1361 3268 1575 3326 iudices
1613 3278 1976 3337 moneantur,
2021 3288 2094 3323 ne
2121 3288 2358 3327 accusa·-

1362 3346 1552 3394 torum
1605 3340 1990 3393 coniuratione
2040 3348 2097 3393 et
2146 3340 2358 3395 insidiis

1334 3407 1423 3464 ’in
1467 3408 1672 3463 iudicio
1712 3408 1893 3477 decipi
1944 3427 2004 3462 se
2051 3410 2355 3479 patiantur.

1360 3480 1478 3549 Ego
1505 3478 1698 3534 locum
1728 3488 2054 3547 corruptum
2082 3480 2360 3533 facillimo

1362 3546 1752 3601 emendatione
1775 3566 2076 3617 persanare
2113 3567 2206 3603 me
2229 3566 2358 3628 pos·
2455 3598 2464 3609 ,

1360 3634 1421 3673 se
1461 3619 1702 3676 confido,
1783 3619 1874 3672 Sic
1912 3618 2061 3671 enim
2099 3634 2353 3689 corrigo:

1360 3692 1564 3745 Pateat
1592 3710 1718 3743 vero
1744 3692 1844 3745 hoc
1861 3690 2027 3759 pet-fu
2071 3690 2182 3741 ium
2205 3688 2356 3739 dolo·

1361 3760 1431 3821 ri,
1461 3772 1662 3827 paneas
1691 3761 1853 3809 iustis
1875 3776 2038 3826 quere
2061 3760 2128 3819 is,
2164 3758 2356 3809 coniu-

1362 3828 1572 3881 rationi
1595 3827 2007 3905 intercludatur·
2027 3824 2136 3893 (80-
2161 3820 2356 3891 perfu·
2447 3836 2454 3847 ¹

1363 3892 1584 3971 gium);
1642 3898 1937 3947 obsistatur
1983 3894 2234 3958 insidii-s,
2298 3898 2355 3945 et

1362 3970 1441 4011 ita
1483 3970 1670 4014 verto:
1744 3964 1886 4035 offen
1918 3964 2068 4017 sulze
2103 3965 2224 4015 dem
2257 3982 2357 4031 ge-

1360 4032 1658 4102 griiredeten
1708 4034 1988 4085 Sclimerze
2039 4033 2192 4100 diese
2239 4038 2355 4085 Zu-

1348 4102 1552 4172 fluclzt,
1571 4102 1714 4175 offen
1739 4102 1890 4154 stobe
1903 4103 1984 4155 sie
2003 4102 2106 4153 den
2129 4102 2353 4173 gemeli-

1359 4186 1452 4228 cen
1489 4172 1708 4244 Klagen
1721 4205 1740 4238 ,
1774 4172 2141 4229 verschlossm
2173 4172 2354 4223 werde
