2859 4617
735 332 901 403 PRO
942 334 1039 413 Μ.
1080 332 1452 407 AEmuo
1493 313 1863 404 scAURo.

255 516 481 599 stituti,
532 513 655 582 sed
680 511 1027 581 amandati
1057 518 1125 579 et
1152 510 1492 601 repudiati
1523 511 1772 588 coloni.
1873 510 2126 600 Quare,
2177 492 2338 583 eam
2366 531 2438 589 43

254 618 505 709 integri
546 616 721 685 nihil
761 615 967 682 faerit
1010 614 1082 680 in
1114 613 1259 692 ‚hac
1306 623 1514 703 gente
1561 614 1805 704 plena:
1885 638 2092 705 quam
2133 616 2339 710 valde

258 742 413 791 eam
438 729 755 826 putamus
782 726 887 785 tot
917 716 1465 815 transfusionibus
1505 716 1894 787 coacuisse?
1993 719 2132 788 Hic
2169 719 2342 789 mihi
2414 824 2422 827 ὴ

332 980 663 1051 Amandati]
752 978 884 1034 Οοᾶ.
949 982 1245 1035 amendati.

254 1054 400 1105 MAI.
476 1055 593 1102 Hoc
618 1050 795 1103 nolim
820 1052 877 1101 in
909 1052 1043 1102 vitio
1071 1051 1246 1119 depu-

251 1121 383 1180 tari.
467 1119 741 1171 Credibile
786 1127 896 1187 est,
958 1124 1247 1173 amendat-e

250 1181 674 1257 pronuntiatum
727 1188 895 1239 fuisse
938 1206 971 1241 a
1013 1189 1246 1258 quibus-

256 1258 407 1323 dam,
412 1266 508 1331 ,ut
528 1261 921 1321 commendare,
948 1266 1011 1306 nt
1040 1277 1249 1329 compe-

255 1341 418 1388 οεωη,
456 1325 607 1393 quod
635 1326 687 1375 le
732 1326 839 1375 ‘tur
867 1327 913 1391 ἕ.
942 1326 994 1380 8.
1065 1329 1249 1387 Quam

256 1394 437 1443 multa
462 1342 752 1456 eiusmotff,
776 1408 917 1460 qnae
940 1392 1147 1443 rationi
1164 1392 1251 1443 lo-

260 1460 466 1531 quendi
504 1460 896 1528 scribendique
936 1476 1039 1527 per
1072 1460 1251 1511 varias

256 1539 467 1581 aetates
492 1527 853 1580 illustrandae
881 1545 999 1579 esse
1019 1528 1250 1595 possint',

256 1598 439 1651 latent
460 1597 665 1665 passim
688 1598 747 1648 in
762 1600 906 1648 MSS.
938 1596 1107 1648 etiam
1134 1596 1253 1648 col-

255 1668 415 1719 latis!
452 1668 680 1717 llEINR.
732 1667 879 1717 *Vix
904 1664 1173 1728 adducor,
1191 1672 1255 1717 ut

254 1735 541 1789 assentiar.
614 1736 755 1785 Nam
796 1738 1086 1789 amendare
1127 1734 1249 1785 fere

257 1806 329 1857 ab
353 1805 553 1856 eadem
574 1806 749 1871 stirpe
777 1802 1011 1855 ductum
1032 1803 1251 1855 videre-

256 1884 355 1925 tur
379 1890 488 1943 qua
515 1877 819 1926 emendare.
867 1876 1181 1926 Amandare
1209 1871 1247 1923 i.

257 1959 307 1994 ε.
330 1961 379 2011 q.
396 1941 771 1993 contumeliae
790 1949 847 1991 et
870 1957 1084 2009 poenae
1118 1956 1249 1990 cau-

254 2027 316 2063 sa
342 2010 612 2081 relegare.
661 2009 744 2063 ef.
773 2030 849 2063 or.
866 2030 973 2081 pro
996 2016 1161 2064 Rosc.
1175 2015 1249 2063 A.

258 2081 343 2145 15,
374 2078 460 2134 44.
488 2096 577 2149 pr.

325 2149 415 2204 43.
467 2148 675 2213 Plena]
723 2146 777 2198 si
818 2163 925 2197 vox
954 2148 1121 2217 plena
1155 2162 1251 2214 ge—

255 2214 429 2267 nuina
464 2225 573 2277 est;
608 2215 998 2281 metaphoram
1020 2213 1253 2279 sumpsit

258 2284 453 2335 Cicero
474 2300 504 2333 a
527 2282 741 2351 lagenis
761 2282 880 2333 solo
900 2282 1027 2333 vino
1056 2282 1253 2349 pleniS,

260 2352 417 2402 cuius
430 2368 557 2417 pars
574 2352 619 2401 si
636 2348 1073 2415 transfundatur,
1089 2350 1253 2417 eique

262 2418 355 2469 alii
377 2418 621 2487 liquores
648 2418 1059 2469 admisceantur
1074 2458 1087 2481 ‚
1125 2434 1255 2468 aco-

260 2504 385 2538 rem
426 2486 757 2539 contrahere
793 2487 952 2541 solet.
1034 2486 1252 2537 Heinri-

260 2556 417 2608 cln‘us
434 2556 667 2626 corrigit
699 2562 758 2609 in
783 2558 885 2609 hac
906 2571 1069 2627 gente
1084 2568 1249 2627 pura.

258 2625 393 2678 Mihi
421 2626 649 2695 quidem
668 2642 772 2676 vox
791 2628 957 2697 plena
974 2639 1086 2675 non
1113 2624 1252 2675 arri-

259 2694 371 2758 det,
390 2694 484 2744 sed
498 2694 817 2746 emendatio
828 2714 973 2765 pura
988 2694 1152 2745 nimis
1168 2692 1252 2745 di·

256 2770 404 2811 stare
437 2763 673 2813 videtur.
709 2764 997 2815 PEYRON.
1049 2762 1251 2813 Trans-

260 2828 397 2879 latio
436 2846 469 2879 a
508 2834 651 2883 dolio
676 2834 838 2901 pleno
876 2840 957 2881 est
994 2832 1249 2897 repetita.

262 2900 325 2947 In
353 2896 521 2963 pleno
555 2898 721 2961 enim,
761 2898 1011 2949 nondum
1040 2914 1250 2948 resera-

261 2974 322 3016 to
343 2964 493 3017 dolio
511 2966 791 3033 integrum
813 2966 1064 3034 vigorem
1088 2982 1252 3016 suum

265 3042 556 3085 conservat
606 3034 796 3083 vinum
814 3073 828 3097 ‚
882 3032 977 3083 sed
1036 3035 1251 3100 saepius

262 3102 601 3153 transfusum
631 3110 685 3152 et
727 3118 855 3152 cum
889 3101 1009 3150 aliis
1034 3102 1171 3152 vinis
1198 3102 1256 3151 in

202 3196 215 3204 -
261 3170 387 3221 aliis
409 3172 547 3222 vasis
563 3172 797 3221 mixtum
812 3170 1103 3238 paullatim
1129 3186 1258 3221 coa-

265 3242 454 3293 cescit.
498 3246 641 3297 Gens
708 3242 830 3291 lena
856 3238 1136 3307 integrum
1160 3256 1254 3309 ge·

260 3324 365 3359 nus
394 3317 492 3373 est,
529 3326 640 3360 non
684 3325 781 3360 um
813 3324 941 3359 curn
972 3304 1093 3359 aliis
1120 3324 1257 3378 gen-

261 3378 405 3429 tibus
433 3379 799 3429 commixtum
818 3416 835 3445 ,
876 3385 934 3428 ut
964 3380 1255 3428 Cramerus

259 3446 404 3497 bene
431 3446 844 3515 interpretatur.
882 3448 938 3499 F.
958 3447 1010 3498 C.
1026 3450 1257 3498 WOLF-

260 3515 429 3564 FIUS.
506 3516 669 3565 *Non
699 3516 868 3567 modo
897 3517 1137 3584 copiam,
1156 3515 1253 3569 sed

261 3581 574 3633 bonitatem
611 3584 780 3633 etiam
807 3585 945 3634 meri
977 3596 1254 3653 spectasse

172 3692 183 3709 ,
261 3649 482 3700 videtur
505 3650 747 3701 Lucilius
771 3652 917 3717 apud
932 3654 1041 3705 Cic.
1052 3657 1159 3722 fin.
1184 3657 1252 3708 11.

264 3720 315 3785 8,
351 3718 439 3774 23.
480 3727 678 3769 notans
711 3718 1048 3781 luxuriosos,

854 3790 1033 3858 quibu’
1070 3794 1255 3841 vt'nam

264 3856 531 3924 De'fusum
562 3858 595 3907 ε’
618 3856 698 3927 pl
708 3856 828 3907 end
862 3860 969 3909 siet
998 3860 1047 3909 ir
1072 3859 1276 3928 siphd·-‘

330 3946 425 3987 ne,
464 3928 553 3978 eui
582 3927 668 3977 nil

259 3997 513 4113 Dejmpsit
543 3998 629 4046 vis
654 4007 757 4045 aut
780 3994 1029 4047 sacculus
1061 3994 1253 4046 a'bssu-

258 4078 762 4183 ubieffieetinemus
804 4146 935 4183 cum
970 4126 1253 4183 Philoxeni

258 4201 455 4267 glossis
480 4218 537 4269 p.
566 4202 693 4268 125,
722 4202 807 4256 81.
851 4200 1075 4271 alioque
1116 4216 1251 4253 ono-

1343 979 1583 1033 mastieo
1621 976 1752 1035 Lat.
1795 986 2002 1036 Graeco
2042 998 2098 1051 p.
2123 982 2208 1037 75.
2253 980 2343 1039 ed-

1344 1050 1632 1119 Vulcanii,
1652 1050 1780 1102 mhi
1816 1055 1866 1103 ιἰ·
1902 1051 2214 1121 explicatur
2245 1051 2344 1105 θέ-

1343 1138 1475 1187 ναρ.
2285 1148 2298 1157 ³

1420 1219 1934 1293 Transfusionibus]
1989 1220 2074 1273 Ad
2115 1229 2346 1291 gentem

1345 1291 1681 1341 translatum
1723 1308 1759 1340 a
1798 1290 1946 1345 vino,
2017 1293 2110 1342 Gr.
2141 1308 2347 1357 μεταγ-

1346 1358 1533 1424 γίζειν,
1567 1359 1925 1423 nasamoth.
1997 1361 2188 1426 Comp.
2211 1376 2346 1410 usus

1349 1443 1407 1477 v.-
1432 1426 1653 1497 infundi
1678 1426 1736 1476 in
1763 1429 1912 1477 Brut.
1935 1442 1984 1477 c.
2017 1430 2098 1481 16.
2135 1427 2344 1495 [§.62.]

1353 1492 1423 1545 de
1453 1492 1894 1545 laudationibus:
1931 1495 2160 1559 „Multa
2191 1496 2350 1547 enim

1350 1562 1580 1629 scripta,
1599 1570 1740 1612 sunt.
1765 1562 1822 1611 in
1853 1561 1970 1627 eis,
2019 1578 2164 1630 quae
2189 1564 2350 1615 facta

1349 1647 1466 1689 non
1495 1640 1648 1693 sunt,
1687 1658 1755 1667 —
1789 1646 1996 1699 genera
2025 1630 2194 1685 etiam
2237 1630 2353 1681 fal-

1350 1716 1429 1763 sa,
1469 1708 1523 1749 et
1549 1716 1580 1749 a
1607 1698 1770 1768 plebe
1796 1698 2173 1762 transitiones,
2211 1716 2356 1752 cum

1348 1768 1606 1821 homines
1645 1766 1974 1825 humiliores
2012 1768 2068 1820 in
2097 1768 2348 1821 alienum

1349 1837 1602 1890 eiusdem
1651 1836 1891 1887 nominis
1928 1838 2348 1907 infunderentur·

1349 1922 1550 1973 genus:
1587 1914 1664 1968 ut,
1703 1905 1747 1955 si
1777 1922 1882 1973 ego
1909 1922 2001 1965 nie
2029 1908 2173 1957 aM’.
2211 1906 2350 1957 Tul-
2396 1914 2402 1925 ¹

1346 1974 1425 2025 lio
1463 1988 1582 2025 esse
1623 1974 1902 2038 dicerem,
1943 1975 2037 2043 qui
2076 1974 2346 2042 patricius

1352 2060 1484 2099 cum
1511 2044 1700 2095 Servio
1727 2040 1909 2093 Tullio
1938 2043 2190 2109 [*immo
2218 2047 2348 2097 Sub-

1344 2112 1569 2185 picio*]
1615 2113 1736 2163 Cos.
1777 2128 1922 2163 anno
1959 2110 2348 2179 decimo·post

1354 2188 1574 2231 exactos
1602 2196 1764 2247 reges
1795 2180 1966 2233 fuit.“
2037 2181 2144 2231 liic
2165 2184 2346 2231 Erne—

1351 2248 1486 2299 stius
1537 2264 1670 2299 cum
1707 2248 1980 2299 Lambino
2024 2249 2270 2299 restituit
2307 2268 2347 2301 a

1346 2318 1504 2386 plebe
1537 2320 1920 2380 transitiones,
1960 2332 2064 2382 pro
2103 2321 2179 2368 ad
2218 2320 2348 2386 plo-

1353 2386 1485 2437 bem.
1561 2382 1872 2435 verissime.
1943 2386 2140 2452 Neque
2182 2384 2350 2436 intel-

1352 2452 1529 2521 ligere
1556 2468 1784 2519 possum
1825 2468 1890 2503 eo
1921 2451 2161 2505 deloco
2183 2451 2348 2504 aliter

1350 2521 1684 2577 sentientem
1730 2530 2022 2573 auctorem
2069 2522 2350 2573 Historiae

1350 2591 1512 2641 Rom.
1540 2592 1602 2642 T.
1619 2588 1659 2641 1.
1689 2592 1876 2658 p 228.
1907 2604 1962 2645 n.
1993 2592 2348 2663 assuitmn.

1348 2659 1409 2711 in
1435 2662 1614 2713 indice
1638 2676 1693 2727 p·
1726 2660 1842 2715 113.
1866 2660 1922 2712 b.

1423 2762 1740 2830 Coacuisse]
1826 2762 2058 2831 Proprie
2132 2762 2347 2827 vinum,

1352 2832 1504 2899 quod
1539 2846 1764 2881 acorem
1818 2831 2096 2882 contraxit
2134 2831 2351 2883 admix-

1350 2900 1506 2949 tione
1547 2899 1639 2949 νεὶ
1677 2898 2086 2964 transfusione,
2137 2906 2348 2952 acuisse

1352 2966 1442 3017 vel
1485 2966 1770 3017 coacuisse
1818 2966 2040 3018 dicitur.
2133 2966 2348 3035 Ulpian.

1355 3039 1506 3089 L.,1.
1538 3039 1670 3105 Dig.
1703 3038 1768 3086 de
1795 3038 1928 3103 Leg.
1955 3035 2006 3087 3.
2037 3054 2350 3105 responsum

1355 3115 1458 3166 est,
1496 3106 1660 3154 eciam
1687 3106 1828 3173 quod
1851 3106 2124 3155 coac-uerit
2147 3106 2348 3165 vinum,

1357 3174 1545 3241 legato
1578 3174 1788 3224 cedere.
1855 3168 2151 3239 Eleganter
2187 3168 2246 3221 id
2277 3168 2350 3223 ad

1354 3247 1612 3309 gentem,
1652 3254 1794 3308 quae
1833 3238 1972 3289 vitia
2012 3238 2350 3291 extrinsecus

1354 3307 1689 3377 susceperit,
1724 3308 1992 3358 transfert
2021 3310 2248 3374 orator,
2283 3315 2352 3361 ut

1346 3378 1429 3429 -ad
1457 3386 1697 3429 aetatem
1727 3376 2006 3429 transtulit
2042 3381 2107 3430 de
2137 3382 2348 3431 Senect.

1356 3468 1405 3502 c.
1431 3446 1514 3499 18.
1563 3447 1644 3515 [§·
1671 3446 1805 3515 65.].
1845 3446 1946 3499 CR.
2019 3449 2235 3498 *Locus
2275 3446 2346 3501 ab

1352 3516 1433 3568 ill.
1465 3518 1728 3567 Cramero
1763 3514 2032 3585 allegatus
2075 3525 2158 3568 est
2183 3518 2352 3567 Pom-

1354 3584 1510 3655 ponii
1539 3585 1595 3636 in
1622 3604 1679 3637 π.
1712 3586 1804 3638 lib.
1834 3574 2067 3637 XXXII.
2111 3586 2212 3649 (de
2240 3588 2292 3636 Ie
2332 3620 2348 3637 .

1352 3656 1486 3721 111.)
1536 3654 1606 3705 fr.
1648 3656 1732 3709 85.
1840 3654 1921 3704 Cf.
1968 3651 2230 3721 Ulpianus
2269 3650 2292 3701 i
2333 3689 2350 3709 .

1354 3722 1454 3774 lib.
1473 3722 1726 3776 XXXIII.
1756 3730 1793 3774 t.
1822 3724 1872 3775 6.
1913 3723 2012 3787 (de
2036 3726 2162 3773 vino
2189 3724 2352 3791 lega-

1356 3792 1450 3857 to)
1493 3790 1564 3842 fr.
1607 3794 1656 3844 9.
1697 3808 1784 3859 pr.
1847 3790 1908 3839 in
1947 3788 2061 3839 fine
2099 3796 2154 3839 et
2202 3788 2252 3855 §.
2294 3790 2347 3842 2.

1353 3858 1682 3925 Metaphora
1724 3856 1918 3909 eadem
1961 3856 2136 3907 utitur
2163 3856 2276 3909 Cic.
2301 3857 2348 3909 1.

1353 3930 1422 3978 de
1463 3948 1522 3978 re
1555 3946 1613 4007 p.
1657 3944 1706 3977 ο.
1732 3927 1784 3982 4.
1810 3943 1894 3993 Pr.
1969 3927 2140 3977 Recte
2166 3942 2224 3977 se
2253 3924 2354 3979 ha-

1355 3995 1455 4046 bet
1479 3993 1534 4045 in
1565 3993 2002 4067 interrogatione
2025 3994 2355 4053 indicativus

1348 4078 1612 4135 putamus
1678 4079 1780 4131 pro
1855 4079 2036 4117 uta-te
2085 4066 2354 4117 debemus.

1356 4134 1440 4188 Cf.
1488 4134 1554 4183 II.
1599 4136 1768 4186 dt've'n.
1808 4084 1892 4187 2131.
1921 4150 2006 4201 pr.
2047 4134 2110 4185 Η.
2159 4136 2251 4205 offi
2296 4133 2352 4200 7,

1354 4205 1440 4259 25.
1470 4220 1554 4273 pr.
1600 4206 1682 4269 11,
1708 4202 1794 4256 40.
1834 4211 1970 4258 extr.
2355 4233 2362 4243 =
