2859 4617
626 374 632 384 ·
675 333 1270 403 PRAEFATIO
1311 334 1769 405 ALTERA:
2112 354 2259 405 nv

183 507 328 571 nuit
369 503 498 591 49)
577 516 860 653 propter
912 504 1130 572 multa
1177 504 1420 569 menda
1456 526 1625 590 quae
1662 502 1843 569 forte
1860 540 1869 547 ·
1886 515 2262 582 occurrant,

183 610 320 651 non
365 611 504 651 esse
533 600 708 651 retra
759 589 956 653 endas
999 588 1080 651 ad
1113 590 1491 673 sequiorem
1532 600 1811 654 aetatem
1835 590 2264 653 membrana-

176 694 336 735 rum
393 674 786 757 scripturaS,
891 672 1382 757 uandoquidem
1423 672 1639 735 multa
1678 683 2117 737 monumenta
2158 671 2265 739 vol

177 756 638 840 antiquissima
681 780 836 821 men
885 759 936 821 is
981 768 1244 821 scatent.
1331 757 1418 821 Et
1454 757 1753 821 Livianus
1786 758 2053 853 quidem
2076 755 2268 821 sche-

177 838 292 903 das
333 840 812 915 emendatiores
841 841 1086 905 nostris
1115 840 1445 905 codicibus
1474 842 1687 905 dicere
1718 862 1867 927 quis
1894 842 2063 905 ausit
2093 848 2175 909 50
2193 834 2266 927 )?

357 973 799 1121 calligraphi&
855 985 1077 1039 tamen
1116 976 1330 1039 nostri
1369 974 1503 1038 duo
1548 939 1801 1039 codices
1846 996 1984 1039 non
2024 994 2269 1061 pariun
2301 972 2565 1052 Ganigrq-

555 1083 579 1122 i

176 1058 355 1121 inter
399 1080 465 1121 se
581 1056 847 1123 fferunt.
931 1060 1108 1123 Nam
1139 1060 1384 1146 prioris
1417 1082 1557 1123 non
1587 1058 1811 1123 solum
1843 1058 2125 1147 pulchra
2151 1044 2414 1137 estgpbfffl
2450 1058 2599 1160 ‘35¹⁰'

179 1144 296 1205 sed
326 1164 542 1229 prope
563 1142 1077 1233 'adlapidarium
1106 1150 1354 1230 typum
1387 1154 1675 1207 exarata.
1766 1143 1953 1221 Quae
1977 1143 2271 1231 scriptu-
2288 1126 2598 1251 ’Ἐεξξέω

177 1248 256 1289 ra
290 1238 372 1289 ut
399 1226 762 1290 absolutius
793 1239 1245 1311 cognoscatur,
1287 1229 1424 1291 eius
1454 1250 1683 1291 omnes
1710 1226 1958 1291 litteras
1996 1249 2266 1291 excusas

179 1309 584 1373 exhibemus
610 1308 757 1396 51).
845 1312 933 1375 Et
969 1311 1236 1395 quidem
1268 1308 1486 1375 littera
1512 1312 1569 1374 A
1598 1312 1735 1374 sinc
1768 1311 2009 1375 lineola
2040 1322 2268 1375 trans-

175 1414 376 1456 versa
420 1393 709 1455 occurrit
744 1393 814 1455 in
858 1394 1108 1456 schedis
1157 1395 1471 1471 LivianiS,
1537 1396 1607 1458 in
1649 1396 1923 1479 Virgilio
1972 1395 2267 1460 vaticano

179 1498 396 1561 quem
409 1474 838 1537 Schelstratus
867 1476 1258 1539 adiudicavit
1282 1477 1541 1539 saeculo
1560 1476 1864 1561 Septimii
1878 1479 2097 1541 Severi
2124 1477 2232 1562 52)
2248 1523 2269 1557 ‚

185 1560 264 1621 in
296 1558 570 1643 Virgilio
598 1559 908 1637 mediceo,
954 1568 1018 1619 et
1040 1559 1108 1619 in
1137 1558 1332 1621 inseri
1382 1557 1675 1622 tionibus
1702 1560 2038 1643 sepulchri
2064 1582 2273 1655 pom-

179 1642 412 1731 peiani
443 1664 662 1727 nuper
695 1640 776 1704 ab
810 1640 1259 1715 eruditissimo
1273 1582 1555 1704 Mlillinio
1587 1641 1769 1705 editis
1801 1642 1921 1725 53)
1939 1688 1959 1721 ,
2005 1642 2277 1727 aliisque

233 1726 499 1789 lurimis
529 1726 986 1790 monumentis
1017 1725 1506 1811 antiquissimis.
1590 1724 1647 1789 E
1678 1736 1741 1789 et
1763 1724 1813 1787 F
1844 1749 1997 1790 cum
2020 1724 2275 1791 lineolis

181 1750 585 1877 brevissimis
619 1811 691 1873 in
735 1810 854 1873 Vir
898 1809 1014 1873 ilio
1075 1810 1371 1874 vaticano
1416 1820 1480 1873 et
1526 1809 1613 1877 in.
1650 1808 1983 1895 sepulchr.
2033 1833 2273 1898 pomp.

183 1894 362 1957 Item
391 1894 452 1957 G
481 1916 636 1959 cum
664 1834 925 1979 virg-uffa
960 1894 1215 1957 inversa
1256 1893 1637 1957 brevissima
1674 1895 1746 1957 in
1776 1916 2043 1981 papyro
2075 1894 2277 1958 latina

185 1976 646 2041 herculanensi
672 1979 828 2067 54),
869 1980 942 2041 in
981 1977 1254 2062 Virgilio
1291 1978 1609 2043 vaticano.
1706 1978 1869 2041 Vide
1904 1980 2101 2043 etiam
2138 1979 2277 2041 dis-

189 2062 562 2127 sertationis
607 2062 852 2148 isagog.
887 2062 967 2125 ad
1006 2060 1259 2128 hercul.
1292 2062 1544 2126 volum.
1574 2070 1742 2148 part.
1778 2060 1831 2124 Ι.
1859 2062 1991 2127 tab.
2036 2060 2180 2127 VII.
2208 2070 2272 2129 7.

185 2144 507 2211 Formam
537 2146 905 2233 adspiratae
928 2146 994 2209 H
1025 2152 1106 2215 55
1189 2146 1451 2210 notabis
1481 2147 1799 2225 similem,
1841 2148 2145 2233 quamvis
2170 2147 2281 2209 in·-

188 2230 286 2293 ele
331 2230 678 2308 antiorem,
720 2231 792 2294 in
814 2252 1080 2317 papyro
1165 2228 1565 2294 erculanensi
1596 2230 1819 2295 latina.
1902 2231 1955 2295 L
1984 2243 2049 2295 et
2079 2228 2129 2293 F
2156 2251 2279 2293 ex-

189 2253 437 2377 cetfimt
462 2314 876 2400 superiorem
904 2334 1132 2379 versus
1161 2314 1436 2392 lineam,
1478 2325 1557 2376 ut
1595 2315 1666 2375 in
1696 2312 1943 2377 schedis
1972 2311 2283 2379 Livianis·

190 2398 263 2461 P.
292 2420 507 2487 parvo
536 2420 688 2461 cum
724 2421 792 2460 ca
844 2399 965 2475 ite,
1011 2409 1075 2461 et
1107 2398 1377 2481 quidem
1411 2407 1641 2483 aperto
1672 2407 1753 2460 ut
1772 2396 1842 2458 in
1870 2396 2139 2479 Virgilio
2166 2418 2284 2461 va-

191 2483 413 2545 ticano
441 2494 505 2545 et
548 2505 743 2569 saepe
775 2506 810 2545 a
839 2482 914 2545 iis
946 2482 1228 2567 antiquis
1268 2480 1748 2544 monumenti&
1835 2478 1867 2542 Ι
1904 2501 2061 2543 cum
2099 2478 2287 2543 brevi

189 2564 367 2635 linea
409 2566 755 2653 superiore
794 2578 871 2629 ut
896 2566 966 2629 in
987 2566 1262 2651 Virgilio
1301 2565 1629 2643 vaticano,
1672 2565 1743 2629 in
1785 2586 2049 2652 papyro
2082 2561 2289 2627 latina

192 2649 448 2714 hercul.
497 2650 798 2736 alibique.
880 2652 943 2714 V
981 2650 1150 2714 linea
1173 2650 1435 2713 sinistra
1459 2649 1767 2713 inclinata
1804 2650 1979 2713 utin
2012 2660 2283 2737 papyro

193 2733 398 2799 latina
441 2732 726 2815 hercul.‚
772 2735 1048 2821 Virgilio
1087 2736 1380 2799 vaticano
1423 2746 1487 2797 et
1514 2734 1841 2798 mediceo:
1902 2733 2017 2797 sed
2049 2734 2118 2796 in
2154 2755 2286 2796 no—

193 2830 338 2883 stro
370 2818 585 2881 codice
614 2832 708 2882 est
746 2818 944 2903 longe
975 2819 1069 2881 ele
1113 2820 1331 2883 antior
1372 2816 1530 2881 haec
1568 2817 1789 2883 littera
1818 2816 1961 2904 56).
2050 2817 2281 2881 Dicam
2299 2826 2461 2875 Aetas
2482 2820 2618 2873 scri-

191 2902 404 2986 igitur
434 2902 618 2985 quod
651 2902 1026 2966 Iuvenatius
1102 2927 1134 2965 c
1159 2904 1292 2965 suis
1324 2900 1574 2965 schedis
1602 2903 1881 2965 Livianis
1906 2900 2060 2985 57):
2136 2899 2485 2970 Fa-Pflffl}e
2500 2900 2615 2941 2⁸¹·

197 2988 332 3065 cit,
394 2996 469 3046 ut
513 2984 587 3045 in
633 2986 1139 3049 Antoninorum
1177 2998 1473 3050 aetatem
1508 2986 1824 3049 incidisse
1864 2987 2057 3049 leuius
2084 2964 2401 3081 prio-1²·m
2429 2976 2487 3009 ¹¹²
2514 2976 2618 3077 Pta'

199 3072 303 3135 ris
352 3068 598 3131 codicis
633 3068 944 3153 primam
985 3071 1418 3153 scriptionem
1455 3078 1715 3151 putem,
1761 3070 1914 3152 ipsa
1944 3070 2019 3131 in
2031 3066 2288 3151 primis
2328 3044 2591 3166 ἷξξΐξὲο

202 3154 620 3229 litterarum,
669 3151 899 3239 quibus
927 3164 1218 3217 exarata
1261 3162 1374 3225 est,
1405 3174 1529 3213 con
1568 3153 1861 3215 ormatio
1899 3174 1983 3213 ae
2017 3150 2291 3215 concin-

203 3239 406 3307 nitas.
493 3233 716 3301 Immo
762 3234 1151 3301 concludam
1191 3247 1268 3301 ut
1298 3235 1477 3301 idem
1543 3235 1875 3301 uvenatius
1905 3234 1985 3299 de
2012 3232 2145 3299 suis
2173 3232 2292 3297 Li-

202 3444 318 3511 ptis
345 3440 514 3505 libris,
549 3460 648 3493 nee
675 3444 732 3493 in
758 3440 1028 3493 veteribus
1055 3442 1200 3511 Iapi-
1336 3473 1344 3482 -
1368 3436 1475 3505 52)
1497 3438 1702 3509 ,Praefi
1750 3441 1826 3493 ad
1881 3442 1937 3493 V
1929 3440 2081 3509 irgil.
2116 3440 2292 3495 vatic.

210 3512 354 3573 dum,
378 3523 490 3571 *aut
515 3513 660 3560 aeris
696 3511 898 3561 tabulis
919 3512 1200 3566 observare
1297 3523 1354 3575 p.
1387 3509 1439 3558 4.

213 3579 447 3631 memini.
500 3581 569 3627 At
589 3593 690 3645 ego
717 3576 1032 3628 huiusmodi
1097 3595 1199 3629 un·
1369 3576 1471 3640 53)
1508 3576 1743 3645 Neapoli
1774 3578 2152 3629 MDCCCXIII.

215 3654 302 3696 cta
324 3644 444 3696 vidi
467 3660 582 3695 non
617 3644 796 3695 solum
825 3647 884 3695 in
910 3662 1044 3714 prae
1086 3647 1198 3697 icto
1367 3646 1471 3709 54)
1510 3649 1799 3698 Ilerculan.
1830 3648 2027 3699 volum.
2063 3646 2126 3696 T.
2157 3646 2222 3695 II.

214 3714 438 3772 codice,
477 3712 575 3763 sed
613 3713 780 3763 etiam
823 3713 881 3763 in
917 3716 1036 3764 aliis
1077 3714 1200 3781 plu·
1372 3714 1473 3777 55)
1508 3714 1613 3767 *H
1632 3713 1879 3765 litteram
1906 3718 1965 3779 in
1990 3711 2293 3781 specimine

211 3782 364 3833 rimis
422 3782 558 3833 licet
620 3796 734 3831 non
811 3782 1202 3850 antiquissimis
1303 3796 1619 3845 expressam
1648 3798 1763 3832 non
1788 3782 2121 3833 invenimus.

213 3866 339 3905 mss,
377 3880 448 3889 -
481 3878 552 3889 --
1371 3850 1462 3913 56)
1498 3850 1795 3900 *Eamdem
1819 3848 2065 3899 formam
2087 3845 2299 3896 hahent

279 3953 386 4015 49)
421 3956 536 4022 Peg
586 3954 656 4007 80
1301 3914 1411 3968 litt.
1454 3921 1533 3979 G,
1578 3922 1657 3983 U,
1692 3933 1800 3967 neo
1840 3914 2121 3965 absimiles
2164 3922 2295 3964 sunt

1303 3991 1358 4036 A
1388 3990 1444 4035 et
1469 3989 1509 4035 I
1516 3984 1577 4035 in
1602 3984 1725 4035 cod.
1739 3983 2009 4036 Vaticano
2043 3986 2296 4037 librorum.

215 4102 242 4152 s
279 4040 384 4105 50)
425 4038 764 4119 conferatur
777 4034 970 4125 tabpla
985 4032 1203 4087 emend.
1301 4054 1373 4102 de
1387 4071 1446 4102 re
1459 4054 1713 4131 publica.-
1748 4052 2070 4126 pariterque
2092 4052 2149 4105 in
2170 4052 2297 4105 cod.

239 4117 515 4177 regmenti
539 4110 752 4160 Limam
785 4122 840 4173 p.
868 4104 1080 4157 05-36.
1303 4120 1650 4173 Tam-mensi,

277 4194 338 4245 51
353 4195 382 4259 )
411 4198 672 4266 *Spem-im.
702 4192 816 4243 tab.
843 4190 1019 4261 prior.
1051 4206 1106 4243 n.
1133 4190 1202 4244 Π.
1373 4189 1472 4256 57)
1514 4190 1572 4245 Ρ.
1600 4192 1685 4245 80.
