2859 4617
218 332 330 381 ιω
877 312 1402 381 CAROLI
1488 311 1992 383 BEIEB.I

215 508 342 557 nos
389 503 764 557 ummo
813 484 1280 578 philologicas
1315 486 1571 557 litteras
1612 510 1745 578 pro
1788 511 1905 557 sna
1940 497 2139 580 parte
2180 494 2463 561 ornandi
2494 516 2621 567 cu-

208 588 590 681 pidissume
615 587 764 657 viro
793 590 1066 665 tulimus
1085 589 1543 661 conditionem
1570 590 1857 675 ferrum,
1910 592 2075 661 dum
2100 595 2457 679 canderet,
2507 618 2621 665 re-

216 688 533 765 cudendi.
633 689 864 779 Atque
888 690 1008 761 ille
1040 699 1439 784 promptum
1470 691 1764 763 studium
1790 692 2011 765 statim
2040 694 2315 765 addixit.

419 892 770 965 Editiones
800 894 1348 965 Mediolanenses
1397 905 1551 965 ante
1584 917 1709 965 nos
1742 897 1829 968 ab
1874 898 2063 969 initio
2114 922 2327 989 mque
2355 901 2445 968 ad
2474 901 2621 972 eal-

122 1054 130 1059 .
217 1018 371 1067 cem
397 998 728 1087 repetitae
751 998 1016 1067 fuerant
1043 1001 1158 1084 ita,
1180 1009 1258 1067 nt
1281 1020 1368 1067 ne
1397 996 1811 1091 interductus
1834 1000 2115 1087 quidem
2140 1024 2271 1073 nee
2298 1022 2527 1087 unum,
2546 1012 2620 1069 nt

215 1100 422 1183 aiunt,
439 1099 580 1167 iota
595 1108 926 1174 mutatum
953 1109 1147 1184 esset,
1161 1099 1290 1167 nisi
1309 1101 1501 1189 quod
1528 1100 1819 1171 editores
1840 1102 2261 1173 Kilonienses
2286 1105 2623 1173 doctissu-

198 1210 332 1273 'ma
351 1204 644 1291 primam
669 1202 1094 1273 annotatione
1111 1201 1475 1271 dotassent.
1508 1203 1739 1271 Aliam
1764 1226 1889 1271 nos
1913 1206 2239 1275 rationem
2266 1208 2479 1279 secuti
2504 1229 2621 1275 sn·-

215 1325 382 1371 mns.
486 1304 836 1375 Arhia-tu
873 1313 1104 1373 nostro
1151 1306 1511 1373 emendata
1553 1308 1895 1395 utriusque
1924 1307 2179 1379 codicis
2205 1309 2623 1397 Palimpsesti

101 1460 110 1467 .
213 1406 600 1496 fragmenta
621 1428 798 1475 nova
821 1407 1186 1477 Tullianae
1211 1408 1533 1477 orationis
1555 1418 1931 1499 perpetuae
1956 1409 2381 1481 exhibuimus
2402 1411 2517 1495 ita,
2544 1418 2621 1478 nrt

212 1509 288 1576 in
313 1508 620 1601 margine
647 1520 804 1577 ante
830 1531 1058 1579 versus
1096 1507 1294 1599 (*“)
1338 1510 1635 1597 initium,
1687 1521 1845 1601 post
1868 1534 1987 1581 eos
2014 1508 2209 1602 (”*)
2245 1512 2455 1581 finem
2484 1514 2621 1581 sin·-

212 1612 536 1703 guiornm
573 1611 1112 1703 fragmentorum
1151 1619 1300 1684 tum
1322 1611 1991 1695 Απιόνοεὶαηοηιηι,
2040 1622 2188 1683 tum
2230 1612 2621 1683 Tam-inen-
2683 1634 2695 1646 ·

211 1714 398 1783 sinum
416 1716 868 1791 notaverimus
891 1714 1126 1781 litteris
1143 1712 1219 1779 A
1247 1714 1362 1779 vel
1401 1712 1481 1795 T,
1534 1714 1853 1781 asteriscis
1874 1722 2103 1779 antem
2128 1714 2469 1799 utrimque
2492 1734 2621 1802 ap-
2672 1790 2677 1795 ,

212 1816 448 1903 positis
479 1838 584 1895 en,
633 1836 814 1902 qnae
855 1814 1000 1879 *ab
1033 1813 1180 1879 aliis
1211 1813 1645 1898 scriptoribus
1674 1811 2049 1899 excerpta*
2094 1813 2227 1881 suis
2251 1813 2424 1882 locis
2450 1834 2619 1881 con-

212 1917 470 1985 iectura
489 1912 678 1981 ducti
703 1913 1106 1979 restituimus
1129 1912 1432 2000 ascriptis
1464 1911 1834 1981 secundum
1859 1909 2169 1980 ordinem
2192 1913 2429 1983 litteris
2453 1938 2521 1984 a.
2544 1914 2615 1985 h.

215 2040 276 2087 c.
291 2066 314 2103 ‚
396 2024 474 2083 ut
519 2035 606 2091 ne
646 2034 960 2086 numeros
1001 2012 1374 2083 sectionum
1417 2020 1681 2079 mutare
1718 2032 2155 2101 cogeremurz
2232 2017 2619 2106 pariterque

215 2120 528 2209 asterisco
556 2115 861 2207 praefixo
895 2113 1340 2199 distinximus,
1391 2136 1569 2203 quae
1596 2137 1639 2180 a
1668 2114 1864 2184 nobis
1896 2123 2211 2185 annotata
2234 2127 2401 2188 sunt.

417 2322 498 2389 In
527 2320 636 2393 his
658 2320 968 2389 omnibns
999 2321 1126 2388 rite
1143 2316 1540 2402 indicandis,
1585 2319 1979 2408 praesertim
2002 2320 2077 2392 in
2096 2320 2387 2396 scholiis,
2400 2330 2469 2393 et
2498 2345 2619 2391 an·-

217 2426 666 2494 notationibus
693 2425 1020 2499 concinne
1045 2433 1116 2492 et
1141 2432 1302 2511 apte
1329 2421 1783 2513 disponendis,
1832 2445 1910 2491 re
1944 2424 2102 2491 satis
2132 2425 2422 2508 difficili,
2472 2424 2621 2493 laus

218 2528 570 2617 singularis
605 2526 891 2595 debetur
920 2524 1436 2594 Teubnerianae
1464 2524 1779 2593 officinae
1820 2524 2417 2614 typographorum
2430 2573 2451 2609 ‚
2504 2548 2621 2593 ro-

218 2652 424 2699 mnus
467 2648 910 2696 richramnus
947 2648 1262 2699 lumen
1299 2626 1511 2715 putris
1554 2634 1625 2693 et
1670 2646 1935 2693 ennom
1970 2648 2271 2697 ens-rau
2307 2650 2621 2698 naaman

216 2732 366 2815 filii,
414 2736 766 2819 paternam
793 2728 1186 2799 industriam
1217 2728 1631 2811 aemulantis,
1670 2736 1993 2816 prompto
2026 2730 2374 2817 obsequio.
2444 2729 2623 2798 cam

222 2835 404 2901 enim
443 2832 558 2897 alii
593 2831 790 2900 unice
839 2828 1302 2900 mercedulam
1316 2877 1339 2914 ,
1391 2830 1715 2899 servitutis
1748 2838 2380 2915 auctoramentum,-
2408 2852 2655 2902 aucus

219 2944 496 3027 pentnrz
566 2932 648 3001 hi
687 2933 813 3000 viri
851 2934 1088 3024 probi,
1138 2942 1216 3000 ut
1251 2932 1322 2999 in
1369 2942 1513 3000 arte
1526 2981 1548 3018 ‚
1612 2955 1820 3019 quam
1864 2932 2201 3017 factitant,
2252 2932 2626 3003 excelleant

223 3038 694 3127 editorumque
721 3036 1056 3107 voluntati
1077 3037 1232 3107 satis
1259 3036 1531 3122 faciant,
1580 3035 1903 3105 indefessi
1926 3037 2293 3112 elaborant.

425 3244 536 3311 De
581 3245 760 3311 foliis
801 3242 1186 3311 ordinandis
1233 3244 1485 3329 ubique
1506 3244 1577 3309 in
1626 3259 1969 3307 Pnrnoms
2022 3238 2299 3308 editoris
2328 3238 2624 3329 diligen-

219 3342 478 3415 tissnmi
503 3344 758 3417 iudicio
783 3345 1258 3430 conquiescere
1283 3344 1498 3430 potui.
1602 3341 1834 3412 Unum
1874 3340 2331 3430 fragmentum
2357 3340 2627 3410 aliunde

225 3448 541 3515 insertum
568 3446 640 3511 in
667 3466 769 3511 or.
787 3466 930 3535 pro
954 3442 1184 3509 Thullio
1209 3466 1248 3507 e
1274 3445 1520 3514 lacuna
1550 3436 1623 3533 ἓ.
1642 3442 1763 3509 23.
1788 3443 1861 3509 in
1878 3443 2200 3519 ,lacunam
2233 3454 2389 3533 post
2412 3438 2483 3535 ξ.
2502 3440 2625 3509 36.

127 3574 132 3581 ·
223 3546 547 3617 transtuli.
649 3546 764 3615 Illi
787 3546 1118 3613 orationes
1145 3545 1410 3619 mutilas
1442 3553 1510 3612 et
1540 3544 1845 3615 disiectas
1873 3545 2083 3612 veluti
2096 3545 2379 3617 Osiridis
2406 3566 2627 3613 mem-

227 3654 354 3721 bra
371 3649 898 3721 reconcinnandi
927 3655 996 3715 et
1017 3646 1426 3715 instaurandi
1452 3656 1731 3715 conatus
1762 3670 1847 3715 ne
1872 3648 2001 3718 sint
2021 3648 2333 3717 invidiosi
2357 3664 2623 3736 precor.

228 3756 390 3825 Hoc
423 3750 796 3823 enim-mihi
816 3753 888 3819 in
917 3752 1336 3840 antiquarum
1362 3751 1737 3819 litterarum
1758 3750 1981 3819 studio
2008 3753 2403 3841 primarium
2433 3744 2627 3813 vide·-

229 3867 338 3927 tur
351 3902 373 3941 9
423 3864 500 3924 ut
527 3877 666 3925 non
691 3859 846 3925 satis
875 3853 1250 3925 habeamus
1286 3855 1497 3922 verba
1522 3852 1965 3943 dictionisqiie
2008 3850 2341 3923 lenocinia
2369 3847 2631 3918 edisce-

231 3982 340 4039 ως
389 3958 514 4026 sed
541 3960 760 4048 ipsam
787 3970 1023 4045 artem,
1073 3982 1206 4050 qua
1235 3968 1455 4027 totum
1484 3980 1659 4049 opus
1689 3960 1879 4046 quasi
1904 3978 2041 4023 uno
2070 3954 2302 4045 spiritu
2330 3950 2631 4020 contine-

234 4074 375 4148 tur,
443 4061 979 4151 contemplemur
1015 4064 1541 4153 inventionisque
1584 4072 1651 4131 et
1694 4084 1811 4153 pe1
1820 4057 2129 4139 fectionis
2175 4054 2634 4125 dexteritatem

2841 4197 2859 4278 Δ]
