2859 4617
652 324 860 383 mr
959 410 968 415 ,
1063 308 1186 415 pr.
1205 290 1650 375 ammom:
1692 295 2091 371 pmcne
2132 286 2349 371 im).

654 494 878 551 autem
903 501 972 546 se
999 475 1197 549 habet
1211 498 1242 543 ε’
1273 477 1948 545 Sedalii'carmimim
1972 452 2493 561 Fragmentum.
2536 472 2743 545 Hunc

653 569 952 635 codicem
993 564 1439 651 longobardis
1484 559 1985 627 characteribus
2030 558 2403 624 maioribus
2440 567 2740 629 conscri-

641 660 859 741 ptum,
877 678 884 689 ·
905 653 1014 739 qui
1043 674 1124 714 ex·
1151 649 1545 715 bibliotheca
1575 638 1779 709 Bobii
1812 668 1857 707 a
1886 643 1957 707 ‘S-
1980 640 2401 709 Columbario
2427 644 2736 712 instituta

635 737 908 825 prodiit
943 734 1164 799 Ill-mo·
1203 757 1286 798 ac
1330 730 1500 796 Rana
1542 729 1753 795 Carti.
1786 726 2113 793 Fedcrico
2144 724 2616 795 Borrltomaeo
2645 732 2729 797 B.

655 820 908 899 Caroli·
925 817 1266 905 patrueli,
1306 817 1483 881 dum.
1510 814 2027 879 ambrosianam
2072 810 2542 893 bibliothecam
2576 839 2733 881 ma-

653 904 1018 989 nuscriptis
1061 900 1392 967 codicibus
1444 910 1755 979 ornaret,
1801 894 2298 981 religiosissimi
2324 887 2397 959 S.
2430 897 2723 965 Benedi-

647 988 1028 1068 cti-Patres
1069 986 1370 1051 vicissim
1421 984 1509 1049 ab
1544 984 1715 1069 ipso·
1737 980 1953 1060 Ill-mo.
2003 1002 2277 1045 manere
2316 989 2736 1069 compensati

651 1071 766 1159 (in
796 1068 935 1134 aliis
982 1069 1308 1133 codicibus
1341 1068 1475 1132 vidi
1500 1089 1707 1155 quam
1740 1062 2090 1129 simillimo
2127 1061 2441 1164 manere)
2488 1066 2732 1133 liuma-

653 1156 932 1221 'nissime
966 1152 1400 1219 tradiderunt
1435 1176 1619 1216 anno
1652 1156 1849 1227 1606,
1911 1146 2211 1213 Antonio
2246 1146 2531 1235 Olgiato
2558 1151 2735 1216 eius-

652 1240 810 1304 tlem
840 1239 1318 1338 ambrosianae
1338 1258 1543 1325 qaam
1558 1237 1833 1323 primas
1853 1234 2157 1298 omnium
2183 1235 2517 1299 tractavit
2524 1258 2727 1323 prae·

632 1320 850 1416 secto:

820 1490 924 1554 13.
990 1482 1093 1547 Ad
1121 1482 1495 1548 orationem
1505 1502 1647 1569 pro
1670 1478 1932 1544 Scauro
1962 1476 2285 1565 quaedam
2309 1476 2505 1543 etiam
2532 1477 2733 1545 scho-
2842 1530 2844 1567 Ξ

645 1567 732 1633 lia
763 1588 850 1633 ex
878 1567 1115 1634 eodem
1158 1566 1362 1656 palim
1416 1576 1587 1629 sesto
1624 1586 1662 1627 a
1695 1585 1807 1627 me
1845 1562 2012 1629 edita
2054 1574 2229 1627 sunt.
2316 1562 2488 1626 Haec
2515 1586 2633 1651 ego
2660 1565 2733 1627 in

693 1652 949 1739 rincipe
985 1652 1304 1731 editione,
1395 1651 1493 1713 ixi
1536 1649 1900 1711 Asconiana
1930 1646 2399 1734 me'suspicari
2428 1654 2582 1727 31),
2640 1649 2731 1713 ita
2842 1662 2844 1673 '

642 1671 869 1801 famen
911 1747 990 1799 ut
1019 1759 1164 1800 eam
1204 1735 1656 1819 quaestionem
1694 1730 1966 1795 definire
2002 1752 2279 1831 prorsus
2308 1752 2447 1795 non
2472 1730 2729 1796 liceret:

645 1819 1081 1903 eamdemque
1113 1818 1593 1881 dubitationem
1646 1816 1716 1877 in
1748 1838 1921 1880 nova
1952 1827 2146 1879 etiam
2177 1814 2457 1879 editione
2480 1816 2725 1881 iterum

643 1901 806 1991 prae
835 1922 947 1965 me
991 1900 1124 1965 tuli
1153 1900 1301 1986 32).
1385 1900 1696 1985 Namque
1728 1898 1851 1962 alia
1890 1900 2057 1963 ratio
2092 1910 2186 1962 est
2208 1898 2489 1987 ingentis
2516 1898 2727 1963 Com-
2842 1920 2844 1951 1

645 1984 954 2049 mentarii
985 1986 1066 2049 ad
1101 1982 1245 2050 VII.
1279 1982 1493 2047 Tullii
1539 1984 1899 2061 orationeS,
1945 2005 2147 2068 quem
2183 1981 2383 2069 longe
2420 1982 2617 2081 plura
2660 1996 2719 2047 et

728 2070 949 2137 aviora
979 2079 1370 2155 argumenta
1398 2068 1681 2151 Asconio
1720 2067 2067 2131 vindicant.
2154 2064 2299 2131 Iam
2325 2079 2405 2131 ut
2430 2090 2500 2131 in
2528 2066 2723 2131 scho-

543 2196 551 2201 -
671 2153 746 2216 iis
778 2153 1093 2217 orationis
1191 2176 1270 2217 ro
1295 2152 1555 2216 Scauro
1586 2150 1923 2229 sistamus,
1970 2150 2323 2215 Gramerus
2355 2152 2621 2239 quidem
2652 2174 2723 2216 ea

599 2237 904 2305 ,Asconii
951 2258 1086 2301 esse
1173 2236 1380 2299 ubitat
1407 2235 1565 2321 33),
1641 2234 1823 2319 quod
1863 2232 1989 2298 sibi
2030 2235 2353 2299 nimirum
2396 2258 2611 2323 neque
2641 2236 2723 2300 ad

638 2320 1010 2385 doctrinam
1057 2340 1276 2407 neque
1323 2319 1405 2384 ad
1460 2316 1689 2382 stilum
1741 2316 1941 2381 huius
1999 2319 2297 2383 accedere
2352 2320 2715 2384 videantur.

638 2398 939 2470 Iamvero
967 2404 1221 2469 horum
1249 2402 1660 2471 scholiorum
1688 2400 1941 2487 duplex
1969 2420 2173 2487 genus
2203 2414 2318 2482 est,
2369 2416 2440 2467 ut
2467 2427 2585 2488 ego
2614 2404 2719 2467 di-

637 2484 920 2573 ligenter
959 2489 1029 2551 in
1049 2500 1334 2571 utraque
1355 2508 1506 2549 mea
1550 2486 1829 2549 editione
1852 2486 2118 2570 monui,
2161 2508 2405 2575 nempe
2429 2488 2715 2552 alterum

634 2571 1018 2635 rudioribus
1041 2572 1292 2647 litteris,
1331 2570 1615 2633 alterum
1644 2570 1973 2654 quadratis
2010 2580 2073 2633 et
2094 2568 2562 2661 pulcherrimis
2591 2595 2717 2636 ex·-

587 2694 598 2703 ·
633 2666 917 2717 aratum.
959 2653 1216 2717 Mirum
1247 2664 1343 2716 est
1371 2665 1597 2717 autem
1628 2652 1811 2739 quod
1840 2654 2509 2719 adv'ersusrudiorem
2538 2678 2719 2743 pau-

629 2736 837 2823 loque
874 2736 1310 2801 recentiorem
1335 2738 1767 2823 scripturam,
1806 2736 1977 2803 nihil
2016 2738 2273 2825 possint
2292 2739 2713 2805 Kilonienses

633 2822 934 2887 editore&
945 2818 1242 2885 obiicere.
1329 2820 1581 2885 Revera
1624 2822 1679 2885 si
1700 2822 2089 2908 praesertim
2118 2822 2193 2885 in
2229 2845 2401 2889 nova
2426 2824 2721 2890 editione

629 2906 978 2992 respiciant
1031 2904 1109 2969 ad
1148 2904 1248 2987 §§.
1292 2913 1388 2972 14.
1435 2908 1532 2973 15.
1566 2914 1674 2976 20.
1716 2914 1816 2973 30.
1862 2912 1964 2975 44.
2012 2909 2118 2974 45.
2168 2930 2240 2971 a.
2285 2907 2451 2993 quid
2490 2909 2562 2971 in
2604 2909 2712 2973 his

629 2986 891 3055 scholiis
917 2989 996 3053 ab
1020 2990 1282 3055 Asconii
1311 2988 1415 3055 vel
1441 2989 1735 3055 doctrina
1760 2988 1867 3057 vel
1889 2989 2039 3053 stilo
2069 2984 2425 3055 abhorret?
2466 2992 2530 3055 N
2532 3015 2713 3057 onne

629 3097 704 3139 ea
755 3075 978 3161 (quod
1018 3073 1160 3137 dixi
1189 3072 1358 3138 olim
1403 3074 1484 3139 de
1515 3075 1795 3139 Asconio
1825 3072 1989 3160 34))
2033 3074 2319 3139 breviter
2349 3086 2415 3139 et
2446 3076 2714 3142 erudite

539 3162 556 3183 ⁸
624 3170 896 3223 textum
941 3157 1273 3245 explicant
1288 3206 1308 3237 ,
1390 3158 1697 3225 historias
1736 3170 1799 3221 et
1840 3158 2341 3223 consuetudines
2392 3182 2705 3225 romanas

625 3239 974 3313 evolvunt,
1017 3264 1242 3305 nonne
1277 3243 1536 3307 nativus
1580 3242 1849 3325 quidam
1884 3244 2170 3327 argentei
2216 3244 2365 3307 aevi·
2401 3244 2585 3325 color
2628 3245 2705 3309 in

623 3323 858 3387 iisdem
899 3318 1152 3389 elucet?
1239 3325 1326 3389 Et
1365 3323 1713 3405 historiam
1768 3326 2043 3409 quidem
2083 3348 2437 3391 romanam
2484 3350 2703 3414 quum

621 3406 750 3469 tria
781 3428 868 3469 ex
893 3405 995 3469 his
1027 3406 1276 3471 scholia
1299 3406 1681 3492 contingant
1708 3406 1828 3494 (ad
1855 3409 1916 3491 §.
1940 3416 2044 3477 30.
2076 3416 2179 3479 44.
2206 3414 2313 3479 45.
2342 3410 2487 3496 σω),
2532 3412 2701 3479 alte-

546 3515 567 3535 ·
621 3488 764 3552 rius
803 3488 1037 3573 utique
1097 3501 1162 3555 et
1197 3491 1374 3556 tertii
1415 3490 1647 3557 scholii
1696 3494 2035 3559 veritatem
2072 3495 2321 3562 idoneis
2380 3496 2703 3585 exemplis

620 3592 742 3637 suo
769 3572 842 3635 in
865 3572 1014 3637 loco
1056 3596 1167 3637 me
1196 3572 1593 3654 confirmare
1636 3578 1931 3641 memini.
2019 3576 2146 3657 Sed
2182 3590 2245 3643 et
2274 3578 2479 3667 primi
2507 3603 2700 3645 sum-

617 3678 731 3726 ma
758 3656 992 3724 veritas
1017 3680 1056 3723 a
1083 3656 1309 3733 Tullio
1343 3659 1492 3747 ipso
1522 3660 2001 3750 comprobatur
2028 3661 2147 3749 35)
2191 3661 2308 3729 lus
2319 3663 2562 3733 verbis:
2600 3666 2693 3733 In

681 3878 788 3949 31)
824 3879 1451 3953 Princip.ed.praefipr.
1476 3898 1601 3951 cap.
1769 3880 1873 3949 34)
1908 3884 1972 3935 In
2020 3883 2238 3935 monito
2289 3880 2383 3935 ad:
2408 3888 2548 3935 orat.
2585 3902 2705 3955 pro·

609 3950 670 4005 V.
708 3959 764 4000 et
792 3952 984 4005 munit.
999 3953 1072 4005 ad
1097 3962 1239 4006 orat.
1253 3973 1353 4024 pro
1369 3959 1597 4007 Scauro.
1698 3956 1923 4019 Scauro,
1940 3960 1997 4004 et
2018 3952 2199 4020 praef.
2227 3967 2314 4021 pr.
2331 3951 2573 4021 princip.
2596 3953 2687 4005 ed.

673 4017 1018 4089 82)1³rincip.
1037 4021 1124 4077 ed.
1134 4022 1313 4091 praef.
1337 4040 1422 4097 pia
1440 4022 1595 4096 παῤ.
1697 4037 1821 4097 cap,-
1846 4023 1914 4081 V,
2012 4065 2021 4095 5
2118 4068 2129 4075 .
2272 4054 2275 4059 -
2554 4060 2561 4069 ·
2620 4066 2627 4075 .

670 4084 766 4145 33)
806 4088 898 4142 Ed.
929 4088 1037 4143 Kil.
1067 4090 1203 4159 p.·4.
1245 4094 1502 4155 [mostr.
1534 4108 1588 4160 p.
2368 4092 2375 4099 '

599 4152 806 4237 1201]
1564 4234 1579 4241 -
1758 4158 1867 4225 35)
1903 4158 1983 4209 De
2014 4154 2195 4211 Divin.
2222 4159 2264 4211 1.
2294 4154 2379 4210 45.
2462 4158 2471 4165 ’
2554 4158 2563 4167 “
2666 4158 2671 4167 “
