<?xml version="1.0" encoding="UTF-8"?>
<!DOCTYPE html PUBLIC "-//W3C//DTD XHTML 1.0 Transitional//EN"
    "http://www.w3.org/TR/xhtml1/DTD/xhtml1-transitional.dtd">
<html xmlns="http://www.w3.org/1999/xhtml" xml:lang="en" lang="en">
 <head>
  <title>
</title>
<meta http-equiv="Content-Type" content="text/html;charset=utf-8" />
  <meta name='ocr-system' content='tesseract 3.04.00' />
  <meta name='ocr-capabilities' content='ocr_page ocr_carea ocr_par ocr_line ocrx_word'/>
</head>
<body>
  <div class='ocr_page' id='page_1' title='image "./mtulliciceronis00ambrgoog_0031.png"; bbox 0 0 2859 4617; ppageno 0'>
   <div class='ocr_carea' id='block_1_1' title="bbox 87 328 2505 792">
    <p class='ocr_par' dir='ltr' id='par_1_1' title="bbox 87 328 2505 792">
     <span class='ocr_line' id='line_1_1' title="bbox 569 328 2172 437; baseline 0.001 -1"><span class='ocrx_word' id='word_1_1' title='bbox 569 366 1176 437; x_wconf 66' lang='lat' dir='ltr'><strong>PRAEFATIO</strong></span> <span class='ocrx_word' id='word_1_2' title='bbox 1221 328 1657 436; x_wconf 67' lang='lat' dir='ltr'>ALTERA.</span> <span class='ocrx_word' id='word_1_3' title='bbox 1866 370 1873 377; x_wconf 88' lang='lat'><strong>·</strong></span> <span class='ocrx_word' id='word_1_4' title='bbox 1926 387 2172 437; x_wconf 78' lang='grc' dir='ltr'><strong>χχχιιι</strong></span> 
     </span>
     <span class='ocr_line' id='line_1_2' title="bbox 252 534 2500 625; baseline -0.003 -23"><span class='ocrx_word' id='word_1_5' title='bbox 252 534 341 602; x_wconf 86' lang='grc' dir='ltr'><strong>Χ.</strong></span> <span class='ocrx_word' id='word_1_6' title='bbox 429 535 729 623; x_wconf 86' lang='lat' dir='ltr'>Operum</span> <span class='ocrx_word' id='word_1_7' title='bbox 774 538 1038 605; x_wconf 85' lang='lat' dir='ltr'>Pediani</span> <span class='ocrx_word' id='word_1_8' title='bbox 1074 538 1411 603; x_wconf 86' lang='lat' dir='ltr'>editorum</span> <span class='ocrx_word' id='word_1_9' title='bbox 1450 535 1697 603; x_wconf 84' lang='lat' dir='ltr'>codices</span> <span class='ocrx_word' id='word_1_10' title='bbox 1728 537 2005 603; x_wconf 88' lang='lat' dir='ltr'>omnino</span> <span class='ocrx_word' id='word_1_11' title='bbox 2032 538 2169 603; x_wconf 85' lang='lat' dir='ltr'>duo</span> <span class='ocrx_word' id='word_1_12' title='bbox 2206 544 2384 625; x_wconf 51' lang='lat' dir='ltr'>Parti?</span> <span class='ocrx_word' id='word_1_13' title='bbox 2422 548 2500 624; x_wconf 46' lang='lat' dir='ltr'>A·-</span> 
     </span>
     <span class='ocr_line' id='line_1_3' title="bbox 89 613 2501 709; baseline -0.001 -25"><span class='ocrx_word' id='word_1_14' title='bbox 89 622 159 684; x_wconf 88' lang='lat' dir='ltr'>in</span> <span class='ocrx_word' id='word_1_15' title='bbox 198 620 614 685; x_wconf 82' lang='lat' dir='ltr'>ambrosiana</span> <span class='ocrx_word' id='word_1_16' title='bbox 657 622 1051 687; x_wconf 80' lang='lat' dir='ltr'>bibliotheca</span> <span class='ocrx_word' id='word_1_17' title='bbox 1093 633 1473 701; x_wconf 84' lang='lat' dir='ltr'>servantur,</span> <span class='ocrx_word' id='word_1_18' title='bbox 1518 620 1681 685; x_wconf 86' lang='lat' dir='ltr'>alter</span> <span class='ocrx_word' id='word_1_19' title='bbox 1708 623 1793 688; x_wconf 91' lang='lat' dir='ltr'>H.</span> <span class='ocrx_word' id='word_1_20' title='bbox 1828 630 1971 691; x_wconf 91' lang='lat'><strong>100.</strong></span> <span class='ocrx_word' id='word_1_21' title='bbox 1998 613 2501 709; x_wconf 62' lang='lat' dir='ltr'>pan.⁸00¹¹¹¹‘{d¹-</span> 
     </span>
     <span class='ocr_line' id='line_1_4' title="bbox 87 682 2505 792; baseline -0 -25"><span class='ocrx_word' id='word_1_22' title='bbox 87 703 210 769; x_wconf 86' lang='lat' dir='ltr'>inf.</span> <span class='ocrx_word' id='word_1_23' title='bbox 276 704 688 784; x_wconf 88' lang='lat' dir='ltr'>chartaceus,</span> <span class='ocrx_word' id='word_1_24' title='bbox 753 728 910 770; x_wconf 86' lang='lat' dir='ltr'>cum</span> <span class='ocrx_word' id='word_1_25' title='bbox 956 704 1212 792; x_wconf 85' lang='lat' dir='ltr'>aliquot</span> <span class='ocrx_word' id='word_1_26' title='bbox 1249 704 1424 779; x_wconf 80' lang='lat' dir='ltr'>foliis</span> <span class='ocrx_word' id='word_1_27' title='bbox 1470 706 1666 769; x_wconf 82' lang='lat' dir='ltr'>etiarn</span> <span class='ocrx_word' id='word_1_28' title='bbox 1713 694 2265 785; x_wconf 64' lang='lat' dir='ltr'>membraneis,tae</span> <span class='ocrx_word' id='word_1_29' title='bbox 2282 682 2505 735; x_wconf 58' lang='lat'>“⁰⁶¹⁰‘’</span> 
     </span>
    </p>
   </div>
   <div class='ocr_carea' id='block_1_2' title="bbox 88 752 2509 877">
    <p class='ocr_par' dir='ltr' id='par_1_2' title="bbox 88 752 2509 877">
     <span class='ocr_line' id='line_1_5' title="bbox 88 752 2509 877; baseline 0.003 -27"><span class='ocrx_word' id='word_1_30' title='bbox 88 788 207 873; x_wconf 85' lang='lat' dir='ltr'>qui</span> <span class='ocrx_word' id='word_1_31' title='bbox 255 789 394 852; x_wconf 84' lang='lat' dir='ltr'>sine</span> <span class='ocrx_word' id='word_1_32' title='bbox 435 789 637 853; x_wconf 88' lang='lat' dir='ltr'>dubio</span> <span class='ocrx_word' id='word_1_33' title='bbox 693 802 842 853; x_wconf 83' lang='lat' dir='ltr'>ante</span> <span class='ocrx_word' id='word_1_34' title='bbox 886 790 1186 855; x_wconf 86' lang='lat' dir='ltr'>medium</span> <span class='ocrx_word' id='word_1_35' title='bbox 1223 789 1561 855; x_wconf 83' lang='lat' dir='ltr'>saeculum</span> <span class='ocrx_word' id='word_1_36' title='bbox 1588 788 1737 853; x_wconf 90' lang='lat' dir='ltr'>XV.</span> <span class='ocrx_word' id='word_1_37' title='bbox 1770 790 2179 877; x_wconf 81' lang='lat' dir='ltr'>conscriptus</span> <span class='ocrx_word' id='word_1_38' title='bbox 2201 752 2509 875; x_wconf 45' lang='lat' dir='ltr'>fflafflff*</span> 
     </span>
    </p>
   </div>
   <div class='ocr_carea' id='block_1_3' title="bbox 81 872 2195 1546">
    <p class='ocr_par' dir='ltr' id='par_1_3' title="bbox 81 872 2195 1546">
     <span class='ocr_line' id='line_1_6' title="bbox 87 872 2183 961; baseline 0.002 -25"><span class='ocrx_word' id='word_1_39' title='bbox 87 884 218 950; x_wconf 85' lang='lat' dir='ltr'>est,</span> <span class='ocrx_word' id='word_1_40' title='bbox 261 874 636 959; x_wconf 86' lang='lat' dir='ltr'>praeposita</span> <span class='ocrx_word' id='word_1_41' title='bbox 681 872 1071 960; x_wconf 83' lang='lat' dir='ltr'>epigraphe=</span> <span class='ocrx_word' id='word_1_42' title='bbox 1113 873 1270 939; x_wconf 84' lang='lat' dir='ltr'>Hae</span> <span class='ocrx_word' id='word_1_43' title='bbox 1307 885 1466 939; x_wconf 80' lang='lat' dir='ltr'>sunt</span> <span class='ocrx_word' id='word_1_44' title='bbox 1502 874 1847 961; x_wconf 82' lang='lat' dir='ltr'><strong><em>quaedam</em></strong></span> <span class='ocrx_word' id='word_1_45' title='bbox 1870 873 2183 961; x_wconf 73' lang='lat' dir='ltr'>glosulae</span> 
     </span>
     <span class='ocr_line' id='line_1_7' title="bbox 84 956 2184 1045; baseline 0.001 -25"><span class='ocrx_word' id='word_1_46' title='bbox 84 980 296 1043; x_wconf 79' lang='lat' dir='ltr'>super</span> <span class='ocrx_word' id='word_1_47' title='bbox 335 956 746 1023; x_wconf 79' lang='lat' dir='ltr'>orationibus</span> <span class='ocrx_word' id='word_1_48' title='bbox 797 958 1009 1033; x_wconf 60' lang='lat' dir='ltr'>Tullii</span> <span class='ocrx_word' id='word_1_49' title='bbox 1047 959 1414 1045; x_wconf 69' lang='lat' dir='ltr'>antiquitus</span> <span class='ocrx_word' id='word_1_50' title='bbox 1490 970 1713 1035; x_wconf 80' lang='lat' dir='ltr'>actae,</span> <span class='ocrx_word' id='word_1_51' title='bbox 1756 970 1823 1023; x_wconf 86' lang='lat' dir='ltr'>et</span> <span class='ocrx_word' id='word_1_52' title='bbox 1858 981 2077 1045; x_wconf 80' lang='lat' dir='ltr'><strong><em>nuper</em></strong></span> <span class='ocrx_word' id='word_1_53' title='bbox 2106 959 2184 1023; x_wconf 68' lang='lat' dir='ltr'>im</span> 
     </span>
     <span class='ocr_line' id='line_1_8' title="bbox 85 1040 2185 1129; baseline 0.001 -25"><span class='ocrx_word' id='word_1_54' title='bbox 85 1040 376 1105; x_wconf 78' lang='lat' dir='ltr'>concilio</span> <span class='ocrx_word' id='word_1_55' title='bbox 421 1044 902 1107; x_wconf 76' lang='lat' dir='ltr'>constantiensi</span> <span class='ocrx_word' id='word_1_56' title='bbox 943 1054 1277 1129; x_wconf 80' lang='lat' dir='ltr'><strong><em>repertae.</em></strong></span> <span class='ocrx_word' id='word_1_57' title='bbox 1365 1048 1378 1061; x_wconf 90' lang='lat'><em>&#39;</em></span> <span class='ocrx_word' id='word_1_58' title='bbox 1459 1052 1561 1105; x_wconf 88' lang='lat' dir='ltr'>ter</span> <span class='ocrx_word' id='word_1_59' title='bbox 1596 1043 1761 1107; x_wconf 88' lang='lat' dir='ltr'>item</span> <span class='ocrx_word' id='word_1_60' title='bbox 1804 1040 2185 1107; x_wconf 76' lang='lat' dir='ltr'>chartaceus</span> 
     </span>
     <span class='ocr_line' id='line_1_9' title="bbox 81 1122 2188 1215; baseline 0.001 -28"><span class='ocrx_word' id='word_1_61' title='bbox 81 1124 140 1187; x_wconf 92' lang='grc' dir='ltr'>Ι.</span> <span class='ocrx_word' id='word_1_62' title='bbox 175 1132 281 1191; x_wconf 88' lang='grc'>91.</span> <span class='ocrx_word' id='word_1_63' title='bbox 309 1136 487 1211; x_wconf 83' lang='lat' dir='ltr'>part.</span> <span class='ocrx_word' id='word_1_64' title='bbox 509 1148 660 1213; x_wconf 87' lang='lat' dir='ltr'>sup.</span> <span class='ocrx_word' id='word_1_65' title='bbox 701 1127 888 1193; x_wconf 89' lang='lat' dir='ltr'>cuius</span> <span class='ocrx_word' id='word_1_66' title='bbox 915 1127 1006 1191; x_wconf 77' lang='lat' dir='ltr'>in&#39;</span> <span class='ocrx_word' id='word_1_67' title='bbox 1032 1126 1206 1193; x_wconf 86' lang='lat' dir='ltr'>calce</span> <span class='ocrx_word' id='word_1_68' title='bbox 1243 1126 1404 1191; x_wconf 84' lang='lat' dir='ltr'>haec</span> <span class='ocrx_word' id='word_1_69' title='bbox 1444 1126 1787 1211; x_wconf 80' lang='lat' dir='ltr'>leguntur:</span> <span class='ocrx_word' id='word_1_70' title='bbox 1808 1122 2188 1215; x_wconf 72' lang='lat' dir='ltr'>·Reliquum</span> 
     </span>
     <span class='ocr_line' id='line_1_10' title="bbox 85 1208 2187 1299; baseline 0.001 -27"><span class='ocrx_word' id='word_1_71' title='bbox 85 1210 310 1286; x_wconf 79' lang='lat' dir='ltr'>deest,</span> <span class='ocrx_word' id='word_1_72' title='bbox 353 1234 476 1273; x_wconf 83' lang='lat' dir='ltr'>nec</span> <span class='ocrx_word' id='word_1_73' title='bbox 505 1211 798 1297; x_wconf 79' lang='lat' dir='ltr'>amplius</span> <span class='ocrx_word' id='word_1_74' title='bbox 827 1235 902 1277; x_wconf 84' lang='lat' dir='ltr'>re</span> <span class='ocrx_word' id='word_1_75' title='bbox 953 1212 1198 1290; x_wconf 68' lang='grc' dir='ltr'><em>ενίίαν,</em></span> <span class='ocrx_word' id='word_1_76' title='bbox 1240 1212 1380 1276; x_wconf 80' lang='lat' dir='ltr'>nisi</span> <span class='ocrx_word' id='word_1_77' title='bbox 1405 1212 1480 1275; x_wconf 82' lang='lat' dir='ltr'>in</span> <span class='ocrx_word' id='word_1_78' title='bbox 1503 1208 1827 1299; x_wconf 83' lang='lat' dir='ltr'>futurum</span> <span class='ocrx_word' id='word_1_79' title='bbox 1854 1221 2187 1297; x_wconf 80' lang='lat' dir='ltr'>emergat,</span> 
     </span>
     <span class='ocr_line' id='line_1_11' title="bbox 86 1234 2187 1382; baseline 0.001 -27"><span class='ocrx_word' id='word_1_80' title='bbox 86 1292 274 1381; x_wconf 79' lang='lat' dir='ltr'>quod</span> <span class='ocrx_word' id='word_1_81' title='bbox 309 1295 576 1357; x_wconf 76' lang='lat' dir='ltr'>utinam</span> <span class='ocrx_word' id='word_1_82' title='bbox 599 1292 788 1381; x_wconf 80' lang='lat' dir='ltr'>fiat!</span> <span class='ocrx_word' id='word_1_83' title='bbox 849 1234 1218 1382; x_wconf 56' lang='lat' dir='ltr'>AEpertum</span> <span class='ocrx_word' id='word_1_84' title='bbox 1293 1296 1392 1359; x_wconf 81' lang='lat' dir='ltr'>uit</span> <span class='ocrx_word' id='word_1_85' title='bbox 1440 1296 1515 1359; x_wconf 86' lang='lat' dir='ltr'>in</span> <span class='ocrx_word' id='word_1_86' title='bbox 1554 1320 1587 1358; x_wconf 78' lang='lat' dir='ltr'>s</span> <span class='ocrx_word' id='word_1_87' title='bbox 1632 1295 1814 1359; x_wconf 81' lang='lat' dir='ltr'>nodo</span> <span class='ocrx_word' id='word_1_88' title='bbox 1860 1307 2187 1361; x_wconf 77' lang='lat' dir='ltr'>constan.-</span> 
     </span>
     <span class='ocr_line' id='line_1_12' title="bbox 85 1374 2188 1464; baseline 0.001 -24"><span class='ocrx_word' id='word_1_89' title='bbox 85 1378 319 1441; x_wconf 75' lang='lat' dir='ltr'>tiensi.</span> <span class='ocrx_word' id='word_1_90' title='bbox 409 1374 640 1441; x_wconf 84' lang='lat' dir='ltr'><strong>Codex</strong></span> <span class='ocrx_word' id='word_1_91' title='bbox 680 1378 962 1464; x_wconf 87' lang='lat' dir='ltr'>scriptus</span> <span class='ocrx_word' id='word_1_92' title='bbox 1003 1400 1178 1453; x_wconf 77' lang='lat' dir='ltr'>anno</span> <span class='ocrx_word' id='word_1_93' title='bbox 1299 1378 1573 1441; x_wconf 89' lang='lat' dir='ltr'>CCCCL</span> <span class='ocrx_word' id='word_1_94' title='bbox 1644 1378 1794 1442; x_wconf 90' lang='lat' dir='ltr'>XV.</span> <span class='ocrx_word' id='word_1_95' title='bbox 1836 1402 1893 1442; x_wconf 82' lang='lat' dir='ltr'>a.</span> <span class='ocrx_word' id='word_1_96' title='bbox 1924 1378 2023 1443; x_wconf 91' lang='lat' dir='ltr'>Io.</span> <span class='ocrx_word' id='word_1_97' title='bbox 2050 1378 2188 1464; x_wconf 83' lang='lat' dir='ltr'>Ny.</span> 
     </span>
     <span class='ocr_line' id='line_1_13' title="bbox 82 1460 2195 1546; baseline -0.001 -21"><span class='ocrx_word' id='word_1_98' title='bbox 82 1462 280 1544; x_wconf 86' lang='lat' dir='ltr'>Ergo</span> <span class='ocrx_word' id='word_1_99' title='bbox 338 1470 566 1523; x_wconf 88' lang='lat' dir='ltr'>noster</span> <span class='ocrx_word' id='word_1_100' title='bbox 622 1470 907 1544; x_wconf 86' lang='lat' dir='ltr'>uterque</span> <span class='ocrx_word' id='word_1_101' title='bbox 963 1460 1178 1523; x_wconf 82' lang='lat' dir='ltr'>codex</span> <span class='ocrx_word' id='word_1_102' title='bbox 1219 1482 1514 1546; x_wconf 83' lang='lat' dir='ltr'>operum</span> <span class='ocrx_word' id='word_1_103' title='bbox 1548 1462 1811 1525; x_wconf 86' lang='lat' dir='ltr'>Pediani</span> <span class='ocrx_word' id='word_1_104' title='bbox 1854 1462 2195 1526; x_wconf 90' lang='lat' dir='ltr'>editorum</span> 
     </span>
    </p>
   </div>
   <div class='ocr_carea' id='block_1_4' title="bbox 32 1540 2199 1856">
    <p class='ocr_par' dir='ltr' id='par_1_4' title="bbox 32 1540 2199 1856">
     <span class='ocr_line' id='line_1_14' title="bbox 32 1540 2195 1637; baseline 0.001 -32"><span class='ocrx_word' id='word_1_105' title='bbox 32 1610 35 1635; x_wconf 33' lang='lat'><strong>³</strong></span> <span class='ocrx_word' id='word_1_106' title='bbox 82 1542 410 1632; x_wconf 80' lang='lat' dir='ltr'>principe</span> <span class='ocrx_word' id='word_1_107' title='bbox 474 1540 756 1605; x_wconf 82' lang='lat' dir='ltr'>editione</span> <span class='ocrx_word' id='word_1_108' title='bbox 807 1543 1145 1628; x_wconf 84' lang='lat' dir='ltr'>antiquior</span> <span class='ocrx_word' id='word_1_109' title='bbox 1204 1554 1320 1605; x_wconf 79' lang='lat' dir='ltr'>est.</span> <span class='ocrx_word' id='word_1_110' title='bbox 1403 1542 1551 1605; x_wconf 89' lang='lat' dir='ltr'>Iam</span> <span class='ocrx_word' id='word_1_111' title='bbox 1592 1542 1719 1605; x_wconf 89' lang='lat' dir='ltr'>hos</span> <span class='ocrx_word' id='word_1_112' title='bbox 1765 1566 1884 1637; x_wconf 81' lang='lat' dir='ltr'>ego</span> <span class='ocrx_word' id='word_1_113' title='bbox 1938 1544 2195 1607; x_wconf 84' lang='lat' dir='ltr'>codices</span> 
     </span>
     <span class='ocr_line' id='line_1_15' title="bbox 32 1624 2199 1711; baseline 0 -20"><span class='ocrx_word' id='word_1_114' title='bbox 32 1640 35 1705; x_wconf 74' lang='grc' dir='ltr'><strong>ξ</strong></span> <span class='ocrx_word' id='word_1_115' title='bbox 85 1649 262 1691; x_wconf 89' lang='lat' dir='ltr'>cum</span> <span class='ocrx_word' id='word_1_116' title='bbox 293 1624 578 1711; x_wconf 87' lang='lat' dir='ltr'>antiquis</span> <span class='ocrx_word' id='word_1_117' title='bbox 615 1625 1010 1691; x_wconf 82' lang='lat' dir='ltr'>editionibus</span> <span class='ocrx_word' id='word_1_118' title='bbox 1040 1624 1320 1703; x_wconf 85' lang='lat' dir='ltr'>contuli,</span> <span class='ocrx_word' id='word_1_119' title='bbox 1368 1624 1772 1711; x_wconf 86' lang='lat' dir='ltr'>quibuscum</span> <span class='ocrx_word' id='word_1_120' title='bbox 1801 1637 1891 1688; x_wconf 87' lang='lat' dir='ltr'>ita</span> <span class='ocrx_word' id='word_1_121' title='bbox 1918 1646 2199 1691; x_wconf 83' lang='lat' dir='ltr'>consen-</span> 
     </span>
     <span class='ocr_line' id='line_1_16' title="bbox 32 1708 2199 1856; baseline -0.002 -81"><span class='ocrx_word' id='word_1_122' title='bbox 32 1724 34 1733; x_wconf 90' lang='lat'>&#39;</span> <span class='ocrx_word' id='word_1_123' title='bbox 84 1713 318 1789; x_wconf 86' lang='lat' dir='ltr'>tiunt,</span> <span class='ocrx_word' id='word_1_124' title='bbox 362 1720 442 1771; x_wconf 90' lang='lat' dir='ltr'>ut</span> <span class='ocrx_word' id='word_1_125' title='bbox 487 1732 558 1795; x_wconf 81' lang='lat' dir='ltr'>ea</span> <span class='ocrx_word' id='word_1_126' title='bbox 601 1710 844 1856; x_wconf 56' lang='lat' dir='ltr'>scripta</span> <span class='ocrx_word' id='word_1_127' title='bbox 881 1731 1174 1805; x_wconf 74' lang='lat' dir='ltr'>aequum</span> <span class='ocrx_word' id='word_1_128' title='bbox 1219 1719 1342 1787; x_wconf 84' lang='lat' dir='ltr'>est,</span> <span class='ocrx_word' id='word_1_129' title='bbox 1391 1730 1557 1793; x_wconf 89' lang='lat' dir='ltr'>quae</span> <span class='ocrx_word' id='word_1_130' title='bbox 1594 1708 1675 1773; x_wconf 89' lang='lat' dir='ltr'>ab</span> <span class='ocrx_word' id='word_1_131' title='bbox 1714 1730 1852 1773; x_wconf 88' lang='lat' dir='ltr'>uno</span> <span class='ocrx_word' id='word_1_132' title='bbox 1886 1720 1950 1775; x_wconf 86' lang='lat' dir='ltr'>et</span> <span class='ocrx_word' id='word_1_133' title='bbox 1984 1709 2199 1773; x_wconf 88' lang='lat' dir='ltr'>vicino</span> 
     </span>
    </p>
   </div>
   <div class='ocr_carea' id='block_1_5' title="bbox 88 1790 2201 2057">
    <p class='ocr_par' dir='ltr' id='par_1_5' title="bbox 88 1790 2201 2057">
     <span class='ocr_line' id='line_1_17' title="bbox 88 1790 2201 1880; baseline -0.001 -21"><span class='ocrx_word' id='word_1_134' title='bbox 88 1796 322 1869; x_wconf 86' lang='lat' dir='ltr'>fonte,</span> <span class='ocrx_word' id='word_1_135' title='bbox 381 1814 624 1879; x_wconf 88' lang='lat' dir='ltr'>nempe</span> <span class='ocrx_word' id='word_1_136' title='bbox 664 1817 700 1857; x_wconf 86' lang='lat' dir='ltr'>a</span> <span class='ocrx_word' id='word_1_137' title='bbox 788 1794 964 1879; x_wconf 77' lang='lat' dir='ltr'>oggii</span> <span class='ocrx_word' id='word_1_138' title='bbox 1003 1791 1372 1879; x_wconf 81' lang='lat' dir='ltr'>exemplari</span> <span class='ocrx_word' id='word_1_139' title='bbox 1411 1792 1835 1857; x_wconf 85' lang='lat' dir='ltr'>dimanarunt</span> <span class='ocrx_word' id='word_1_140' title='bbox 1875 1791 2025 1880; x_wconf 82' lang='lat'><strong>22).</strong></span> <span class='ocrx_word' id='word_1_141' title='bbox 2110 1790 2201 1857; x_wconf 88' lang='lat' dir='ltr'>Et</span> 
     </span>
     <span class='ocr_line' id='line_1_18' title="bbox 93 1874 2201 1965; baseline 0.001 -24"><span class='ocrx_word' id='word_1_142' title='bbox 93 1898 518 1965; x_wconf 85' lang='lat' dir='ltr'>quamquam</span> <span class='ocrx_word' id='word_1_143' title='bbox 562 1876 826 1941; x_wconf 91' lang='lat' dir='ltr'>nullam</span> <span class='ocrx_word' id='word_1_144' title='bbox 863 1877 1324 1965; x_wconf 86' lang='lat' dir='ltr'>spatiosiorem</span> <span class='ocrx_word' id='word_1_145' title='bbox 1366 1876 1674 1941; x_wconf 88' lang='lat' dir='ltr'>lacunam</span> <span class='ocrx_word' id='word_1_146' title='bbox 1708 1874 1959 1941; x_wconf 89' lang='lat' dir='ltr'>horum</span> <span class='ocrx_word' id='word_1_147' title='bbox 2000 1875 2201 1943; x_wconf 79' lang='lat' dir='ltr'>cod-i-</span> 
     </span>
     <span class='ocr_line' id='line_1_19' title="bbox 96 1958 2200 2057; baseline -0 -31"><span class='ocrx_word' id='word_1_148' title='bbox 96 1985 261 2026; x_wconf 89' lang='lat' dir='ltr'>cum</span> <span class='ocrx_word' id='word_1_149' title='bbox 294 1984 435 2057; x_wconf 45' lang='lat' dir='ltr'>ope·</span> <span class='ocrx_word' id='word_1_150' title='bbox 447 1960 718 2049; x_wconf 82' lang='lat' dir='ltr'>explere</span> <span class='ocrx_word' id='word_1_151' title='bbox 747 1960 928 2038; x_wconf 86' lang='lat' dir='ltr'>licet,</span> <span class='ocrx_word' id='word_1_152' title='bbox 975 1958 1224 2025; x_wconf 88' lang='lat' dir='ltr'>multae</span> <span class='ocrx_word' id='word_1_153' title='bbox 1248 1972 1473 2025; x_wconf 87' lang='lat' dir='ltr'>tamen</span> <span class='ocrx_word' id='word_1_154' title='bbox 1505 1960 1991 2025; x_wconf 84' lang='lat' dir='ltr'>emendationes</span> <span class='ocrx_word' id='word_1_155' title='bbox 2014 1960 2200 2025; x_wconf 90' lang='lat' dir='ltr'>indi·-</span> 
     </span>
    </p>
   </div>
   <div class='ocr_carea' id='block_1_6' title="bbox 32 2044 2229 2225">
    <p class='ocr_par' dir='ltr' id='par_1_6' title="bbox 32 2044 2229 2225">
     <span class='ocr_line' id='line_1_20' title="bbox 32 2044 2229 2133; baseline 0 -24"><span class='ocrx_word' id='word_1_156' title='bbox 32 2078 35 2121; x_wconf 29' lang='grc' dir='ltr'><strong>ᾗ</strong></span> <span class='ocrx_word' id='word_1_157' title='bbox 99 2048 261 2109; x_wconf 87' lang='lat' dir='ltr'>dem</span> <span class='ocrx_word' id='word_1_158' title='bbox 302 2056 442 2131; x_wconf 78' lang='lat' dir='ltr'>peti</span> <span class='ocrx_word' id='word_1_159' title='bbox 481 2056 787 2133; x_wconf 85' lang='lat' dir='ltr'>possunt.</span> <span class='ocrx_word' id='word_1_160' title='bbox 875 2045 1063 2108; x_wconf 89' lang='lat' dir='ltr'>Ordo</span> <span class='ocrx_word' id='word_1_161' title='bbox 1101 2056 1319 2108; x_wconf 88' lang='lat' dir='ltr'>autem</span> <span class='ocrx_word' id='word_1_162' title='bbox 1349 2044 1990 2109; x_wconf 84' lang='lat' dir='ltr'>commentariorum</span> <span class='ocrx_word' id='word_1_163' title='bbox 2020 2044 2229 2109; x_wconf 81' lang='lat' dir='ltr'>idem-</span> 
     </span>
     <span class='ocr_line' id='line_1_21' title="bbox 32 2127 2201 2225; baseline 0 -32"><span class='ocrx_word' id='word_1_164' title='bbox 32 2178 35 2221; x_wconf 67' lang='lat' dir='ltr'>t</span> <span class='ocrx_word' id='word_1_165' title='bbox 101 2142 204 2193; x_wconf 90' lang='lat' dir='ltr'>est</span> <span class='ocrx_word' id='word_1_166' title='bbox 233 2127 302 2191; x_wconf 81' lang='lat' dir='ltr'>in</span> <span class='ocrx_word' id='word_1_167' title='bbox 329 2128 432 2191; x_wconf 91' lang='lat' dir='ltr'>his</span> <span class='ocrx_word' id='word_1_168' title='bbox 460 2128 790 2193; x_wconf 83' lang='lat' dir='ltr'>codicibus</span> <span class='ocrx_word' id='word_1_169' title='bbox 817 2140 1016 2215; x_wconf 90' lang='lat' dir='ltr'>atque</span> <span class='ocrx_word' id='word_1_170' title='bbox 1037 2130 1109 2192; x_wconf 91' lang='lat' dir='ltr'>in</span> <span class='ocrx_word' id='word_1_171' title='bbox 1138 2128 1535 2225; x_wconf 81' lang='lat' dir='ltr'>editionibus</span> <span class='ocrx_word' id='word_1_172' title='bbox 1562 2129 1837 2215; x_wconf 85' lang='lat' dir='ltr'>primis:</span> <span class='ocrx_word' id='word_1_173' title='bbox 1928 2130 1997 2193; x_wconf 89' lang='lat' dir='ltr'>ui</span> <span class='ocrx_word' id='word_1_174' title='bbox 2021 2151 2201 2195; x_wconf 73' lang='lat' dir='ltr'>nunc</span> 
     </span>
    </p>
   </div>
   <div class='ocr_carea' id='block_1_7' title="bbox 32 2210 2201 2303">
    <p class='ocr_par' dir='ltr' id='par_1_7' title="bbox 32 2210 2201 2303">
     <span class='ocr_line' id='line_1_22' title="bbox 32 2210 2201 2303; baseline -0.001 -24"><span class='ocrx_word' id='word_1_175' title='bbox 32 2224 35 2279; x_wconf 71' lang='grc' dir='ltr'>ἰ</span> <span class='ocrx_word' id='word_1_176' title='bbox 101 2214 186 2277; x_wconf 89' lang='lat' dir='ltr'>ad</span> <span class='ocrx_word' id='word_1_177' title='bbox 239 2214 540 2277; x_wconf 90' lang='lat' dir='ltr'>ordinem</span> <span class='ocrx_word' id='word_1_178' title='bbox 585 2234 876 2303; x_wconf 87' lang='lat' dir='ltr'>operum</span> <span class='ocrx_word' id='word_1_179' title='bbox 910 2214 1240 2280; x_wconf 75' lang='lat' dir='ltr'>Ciceronis</span> <span class='ocrx_word' id='word_1_180' title='bbox 1271 2213 1408 2281; x_wconf 65' lang='lat' dir='ltr'>istm</span> <span class='ocrx_word' id='word_1_181' title='bbox 1435 2214 1589 2279; x_wconf 83' lang='lat' dir='ltr'>inde</span> <span class='ocrx_word' id='word_1_182' title='bbox 1621 2234 1840 2301; x_wconf 87' lang='lat' dir='ltr'>usque</span> <span class='ocrx_word' id='word_1_183' title='bbox 1868 2236 1905 2277; x_wconf 86' lang='lat' dir='ltr'>a</span> <span class='ocrx_word' id='word_1_184' title='bbox 1982 2210 2201 2277; x_wconf 80' lang='lat' dir='ltr'>aldina</span> 
     </span>
    </p>
   </div>
   <div class='ocr_carea' id='block_1_8' title="bbox 103 2296 1112 2367">
    <p class='ocr_par' dir='ltr' id='par_1_8' title="bbox 103 2296 1112 2367">
     <span class='ocr_line' id='line_1_23' title="bbox 103 2296 1112 2367; baseline 0.004 -4"><span class='ocrx_word' id='word_1_185' title='bbox 103 2297 398 2363; x_wconf 84' lang='lat' dir='ltr'>editione</span> <span class='ocrx_word' id='word_1_186' title='bbox 429 2296 963 2363; x_wconf 77' lang='lat' dir='ltr'>accommodatus</span> <span class='ocrx_word' id='word_1_187' title='bbox 993 2308 1112 2367; x_wconf 78' lang='lat' dir='ltr'>est·</span> 
     </span>
    </p>
   </div>
   <div class='ocr_carea' id='block_1_9' title="bbox 278 2435 2533 2535">
    <p class='ocr_par' dir='ltr' id='par_1_9' title="bbox 278 2435 2533 2535">
     <span class='ocr_line' id='line_1_24' title="bbox 278 2435 2533 2535; baseline -0.003 -34"><span class='ocrx_word' id='word_1_188' title='bbox 278 2436 401 2501; x_wconf 88' lang='lat' dir='ltr'>XI.</span> <span class='ocrx_word' id='word_1_189' title='bbox 441 2464 450 2471; x_wconf 90' lang='lat'>·</span> <span class='ocrx_word' id='word_1_190' title='bbox 485 2436 641 2535; x_wconf 43' lang='lat' dir='ltr'>Iam·</span> <span class='ocrx_word' id='word_1_191' title='bbox 662 2460 782 2525; x_wconf 89' lang='lat' dir='ltr'>ego</span> <span class='ocrx_word' id='word_1_192' title='bbox 820 2438 1062 2525; x_wconf 85' lang='lat' dir='ltr'>quibus</span> <span class='ocrx_word' id='word_1_193' title='bbox 1095 2437 1456 2501; x_wconf 86' lang='lat' dir='ltr'>momentis</span> <span class='ocrx_word' id='word_1_194' title='bbox 1489 2435 1808 2502; x_wconf 85' lang='lat' dir='ltr'>adductus</span> <span class='ocrx_word' id='word_1_195' title='bbox 1837 2438 2203 2502; x_wconf 85' lang='lat' dir='ltr'>Asconium</span> <span class='ocrx_word' id='word_1_196' title='bbox 2224 2442 2533 2497; x_wconf 68' lang='lat' dir='ltr'>Proteum-</span> 
     </span>
    </p>
   </div>
   <div class='ocr_carea' id='block_1_10' title="bbox 34 2520 2534 2613">
    <p class='ocr_par' dir='ltr' id='par_1_10' title="bbox 34 2520 2534 2613">
     <span class='ocr_line' id='line_1_25' title="bbox 34 2520 2534 2613; baseline -0.001 -28"><span class='ocrx_word' id='word_1_197' title='bbox 34 2546 38 2585; x_wconf 69' lang='grc' dir='ltr'><em>ᾳ</em></span> <span class='ocrx_word' id='word_1_198' title='bbox 105 2546 215 2588; x_wconf 86' lang='lat' dir='ltr'>me</span> <span class='ocrx_word' id='word_1_199' title='bbox 251 2522 320 2585; x_wconf 90' lang='lat' dir='ltr'>in</span> <span class='ocrx_word' id='word_1_200' title='bbox 356 2521 774 2589; x_wconf 87' lang='lat' dir='ltr'>ambros1ano</span> <span class='ocrx_word' id='word_1_201' title='bbox 806 2523 1242 2613; x_wconf 81' lang='lat' dir='ltr'>palimpsesto</span> <span class='ocrx_word' id='word_1_202' title='bbox 1273 2520 1594 2588; x_wconf 83' lang='lat' dir='ltr'>invenisse</span> <span class='ocrx_word' id='word_1_203' title='bbox 1623 2522 1940 2602; x_wconf 86' lang='lat' dir='ltr'>arbitrer,</span> <span class='ocrx_word' id='word_1_204' title='bbox 1984 2520 2206 2588; x_wconf 84' lang='lat' dir='ltr'>brevi·</span> <span class='ocrx_word' id='word_1_205' title='bbox 2238 2520 2333 2565; x_wconf 65' lang='lat'><strong>2¹¹¹·</strong></span> <span class='ocrx_word' id='word_1_206' title='bbox 2360 2529 2534 2583; x_wconf 80' lang='lat' dir='ltr'>argu-</span> 
     </span>
    </p>
   </div>
   <div class='ocr_carea' id='block_1_11' title="bbox 34 2606 2205 2696">
    <p class='ocr_par' dir='ltr' id='par_1_11' title="bbox 34 2606 2205 2696">
     <span class='ocr_line' id='line_1_26' title="bbox 34 2606 2205 2696; baseline 0 -25"><span class='ocrx_word' id='word_1_207' title='bbox 34 2628 41 2683; x_wconf 56' lang='lat'>&#39;7</span> <span class='ocrx_word' id='word_1_208' title='bbox 103 2620 208 2673; x_wconf 87' lang='lat' dir='ltr'>ter</span> <span class='ocrx_word' id='word_1_209' title='bbox 241 2628 580 2693; x_wconf 81' lang='lat' dir='ltr'>exponam</span> <span class='ocrx_word' id='word_1_210' title='bbox 607 2616 688 2676; x_wconf 82' lang='lat'>23</span> <span class='ocrx_word' id='word_1_211' title='bbox 703 2606 751 2696; x_wconf 91' lang='lat'>).</span> <span class='ocrx_word' id='word_1_212' title='bbox 841 2606 917 2671; x_wconf 92' lang='lat' dir='ltr'>Id</span> <span class='ocrx_word' id='word_1_213' title='bbox 950 2619 1170 2672; x_wconf 89' lang='lat' dir='ltr'>autem</span> <span class='ocrx_word' id='word_1_214' title='bbox 1200 2606 1602 2693; x_wconf 87' lang='lat' dir='ltr'>priusquam</span> <span class='ocrx_word' id='word_1_215' title='bbox 1633 2607 1713 2671; x_wconf 91' lang='lat' dir='ltr'>ad</span> <span class='ocrx_word' id='word_1_216' title='bbox 1758 2607 2013 2685; x_wconf 81' lang='lat' dir='ltr'>redior3</span> <span class='ocrx_word' id='word_1_217' title='bbox 2054 2628 2205 2671; x_wconf 88' lang='lat' dir='ltr'>ma-</span> 
     </span>
    </p>
   </div>
   <div class='ocr_carea' id='block_1_12' title="bbox 2238 2581 2537 2633">
    <p class='ocr_par' dir='ltr' id='par_1_12' title="bbox 2238 2581 2537 2633">
     <span class='ocr_line' id='line_1_27' title="bbox 2238 2581 2537 2633; baseline 0 0"><span class='ocrx_word' id='word_1_218' title='bbox 2238 2591 2429 2633; x_wconf 83' lang='lat' dir='ltr'>menta</span> <span class='ocrx_word' id='word_1_219' title='bbox 2464 2581 2537 2633; x_wconf 88' lang='lat' dir='ltr'>ob</span> 
     </span>
    </p>
   </div>
   <div class='ocr_carea' id='block_1_13' title="bbox 103 2668 2538 2788">
    <p class='ocr_par' dir='ltr' id='par_1_13' title="bbox 103 2668 2538 2788">
     <span class='ocr_line' id='line_1_28' title="bbox 103 2668 2538 2788; baseline 0.001 -33"><span class='ocrx_word' id='word_1_220' title='bbox 103 2715 325 2777; x_wconf 87' lang='lat' dir='ltr'>gnum</span> <span class='ocrx_word' id='word_1_221' title='bbox 386 2690 541 2753; x_wconf 88' lang='lat' dir='ltr'>huic</span> <span class='ocrx_word' id='word_1_222' title='bbox 591 2692 947 2757; x_wconf 85' lang='lat' dir='ltr'>sententiae</span> <span class='ocrx_word' id='word_1_223' title='bbox 984 2691 1249 2780; x_wconf 83' lang='lat' dir='ltr'>pondus</span> <span class='ocrx_word' id='word_1_224' title='bbox 1288 2690 1582 2755; x_wconf 85' lang='lat' dir='ltr'>adferam</span> <span class='ocrx_word' id='word_1_225' title='bbox 1626 2714 1732 2755; x_wconf 89' lang='lat' dir='ltr'>am</span> <span class='ocrx_word' id='word_1_226' title='bbox 1780 2692 2204 2757; x_wconf 87' lang='lat' dir='ltr'>rosianorum</span> <span class='ocrx_word' id='word_1_227' title='bbox 2218 2668 2538 2788; x_wconf 43' lang='lat' dir='ltr'>§32:³02ss</span> 
     </span>
    </p>
   </div>
   <div class='ocr_carea' id='block_1_14' title="bbox 108 2774 2531 2865">
    <p class='ocr_par' dir='ltr' id='par_1_14' title="bbox 108 2774 2531 2865">
     <span class='ocr_line' id='line_1_29' title="bbox 108 2774 2531 2865; baseline 0.001 -27"><span class='ocrx_word' id='word_1_228' title='bbox 108 2779 475 2839; x_wconf 86' lang='lat' dir='ltr'>doctorum</span> <span class='ocrx_word' id='word_1_229' title='bbox 505 2777 889 2840; x_wconf 85' lang='lat' dir='ltr'>auctoritate</span> <span class='ocrx_word' id='word_1_230' title='bbox 915 2777 1123 2841; x_wconf 91' lang='lat' dir='ltr'>citata.</span> <span class='ocrx_word' id='word_1_231' title='bbox 1208 2774 1517 2865; x_wconf 89' lang='lat' dir='ltr'>Namque</span> <span class='ocrx_word' id='word_1_232' title='bbox 1543 2774 1647 2839; x_wconf 88' lang='lat' dir='ltr'>his</span> <span class='ocrx_word' id='word_1_233' title='bbox 1674 2798 1889 2861; x_wconf 88' lang='lat' dir='ltr'>quum</span> <span class='ocrx_word' id='word_1_234' title='bbox 1912 2798 2033 2863; x_wconf 90' lang='lat' dir='ltr'>ego</span> <span class='ocrx_word' id='word_1_235' title='bbox 2057 2798 2204 2840; x_wconf 88' lang='lat' dir='ltr'>mea</span> <span class='ocrx_word' id='word_1_236' title='bbox 2223 2797 2439 2859; x_wconf 81' lang='lat' dir='ltr'>terpres</span> <span class='ocrx_word' id='word_1_237' title='bbox 2470 2788 2531 2840; x_wconf 86' lang='lat' dir='ltr'>in</span> 
     </span>
    </p>
   </div>
   <div class='ocr_carea' id='block_1_15' title="bbox 106 2854 2591 2956">
    <p class='ocr_par' dir='ltr' id='par_1_15' title="bbox 106 2854 2591 2956">
     <span class='ocr_line' id='line_1_30' title="bbox 106 2854 2591 2956; baseline 0.001 -34"><span class='ocrx_word' id='word_1_238' title='bbox 106 2862 184 2923; x_wconf 88' lang='lat' dir='ltr'>de</span> <span class='ocrx_word' id='word_1_239' title='bbox 218 2858 514 2923; x_wconf 87' lang='lat' dir='ltr'>Asconio</span> <span class='ocrx_word' id='word_1_240' title='bbox 547 2880 645 2923; x_wconf 88' lang='lat' dir='ltr'>nu</span> <span class='ocrx_word' id='word_1_241' title='bbox 699 2882 770 2923; x_wconf 89' lang='lat' dir='ltr'>er</span> <span class='ocrx_word' id='word_1_242' title='bbox 807 2883 841 2923; x_wconf 89' lang='lat' dir='ltr'>a</span> <span class='ocrx_word' id='word_1_243' title='bbox 873 2882 986 2923; x_wconf 88' lang='lat' dir='ltr'>me</span> <span class='ocrx_word' id='word_1_244' title='bbox 1015 2868 1281 2956; x_wconf 81' lang='lat' dir='ltr'>reperto</span> <span class='ocrx_word' id='word_1_245' title='bbox 1315 2870 1702 2955; x_wconf 76' lang='lat' dir='ltr'>argumenta</span> <span class='ocrx_word' id='word_1_246' title='bbox 1734 2858 2205 2947; x_wconf 87' lang='lat' dir='ltr'>perpendenda</span> <span class='ocrx_word' id='word_1_247' title='bbox 2229 2856 2539 2925; x_wconf 70' lang='lat' dir='ltr'>ambrosia·</span> <span class='ocrx_word' id='word_1_248' title='bbox 2578 2854 2591 2875; x_wconf 76' lang='lat'>⁸</span> 
     </span>
    </p>
   </div>
   <div class='ocr_carea' id='block_1_16' title="bbox 38 2926 2537 3091">
    <p class='ocr_par' dir='ltr' id='par_1_16' title="bbox 38 2926 2537 3091">
     <span class='ocr_line' id='line_1_31' title="bbox 38 2926 2537 3090; baseline -0.007 -81"><span class='ocrx_word' id='word_1_249' title='bbox 38 2998 41 3003; x_wconf 95' lang='lat'>.</span> <span class='ocrx_word' id='word_1_250' title='bbox 105 2962 604 3090; x_wconf 67' lang='lat' dir='ltr'>proponerem,</span> <span class='ocrx_word' id='word_1_251' title='bbox 701 2965 778 3005; x_wconf 91' lang='lat' dir='ltr'>oe</span> <span class='ocrx_word' id='word_1_252' title='bbox 809 2942 888 3004; x_wconf 89' lang='lat' dir='ltr'>ab</span> <span class='ocrx_word' id='word_1_253' title='bbox 917 2944 1073 3028; x_wconf 74' lang='lat' dir='ltr'>ipsis</span> <span class='ocrx_word' id='word_1_254' title='bbox 1103 2943 1554 3029; x_wconf 79' lang='lat' dir='ltr'>gratissimum</span> <span class='ocrx_word' id='word_1_255' title='bbox 1580 2964 1982 3029; x_wconf 86' lang='lat' dir='ltr'>responsum</span> <span class='ocrx_word' id='word_1_256' title='bbox 2016 2954 2207 3007; x_wconf 88' lang='lat' dir='ltr'>retu-</span> <span class='ocrx_word' id='word_1_257' title='bbox 2222 2943 2297 2979; x_wconf 82' lang='lat'>¹¹0</span> <span class='ocrx_word' id='word_1_258' title='bbox 2331 2926 2537 2995; x_wconf 76' lang='lat' dir='ltr'>palim-</span> 
     </span>
     <span class='ocr_line' id='line_1_32' title="bbox 129 3054 146 3091; baseline 0 0"><span class='ocrx_word' id='word_1_259' title='bbox 129 3054 146 3091; x_wconf 85' lang='lat'>1</span> 
     </span>
    </p>
   </div>
   <div class='ocr_carea' id='block_1_17' title="bbox 109 3022 2540 3281">
    <p class='ocr_par' dir='ltr' id='par_1_17' title="bbox 109 3022 2540 3281">
     <span class='ocr_line' id='line_1_33' title="bbox 165 3022 2538 3131; baseline -0.001 -42"><span class='ocrx_word' id='word_1_260' title='bbox 165 3054 184 3089; x_wconf 75' lang='lat'>2</span> <span class='ocrx_word' id='word_1_261' title='bbox 239 3048 317 3087; x_wconf 88' lang='lat' dir='ltr'>ea</span> <span class='ocrx_word' id='word_1_262' title='bbox 342 3022 582 3085; x_wconf 90' lang='lat' dir='ltr'>idcirco</span> <span class='ocrx_word' id='word_1_263' title='bbox 609 3024 1055 3109; x_wconf 84' lang='lat' dir='ltr'>probabiliora</span> <span class='ocrx_word' id='word_1_264' title='bbox 1082 3026 1320 3101; x_wconf 87' lang='lat' dir='ltr'>videri,</span> <span class='ocrx_word' id='word_1_265' title='bbox 1366 3026 1553 3109; x_wconf 88' lang='lat' dir='ltr'>quod</span> <span class='ocrx_word' id='word_1_266' title='bbox 1580 3024 1740 3087; x_wconf 90' lang='lat' dir='ltr'>olim</span> <span class='ocrx_word' id='word_1_267' title='bbox 1772 3027 2059 3111; x_wconf 89' lang='lat' dir='ltr'>suspicio</span> <span class='ocrx_word' id='word_1_268' title='bbox 2090 3026 2213 3088; x_wconf 88' lang='lat' dir='ltr'>ali-</span> <span class='ocrx_word' id='word_1_269' title='bbox 2228 3074 2419 3131; x_wconf 78' lang='lat' dir='ltr'>pertus</span> <span class='ocrx_word' id='word_1_270' title='bbox 2460 3065 2538 3115; x_wconf 53' lang='lat' dir='ltr'>vi·</span> 
     </span>
     <span class='ocr_line' id='line_1_34' title="bbox 109 3105 2540 3197; baseline 0 -24"><span class='ocrx_word' id='word_1_271' title='bbox 109 3134 242 3197; x_wconf 89' lang='lat' dir='ltr'>qua</span> <span class='ocrx_word' id='word_1_272' title='bbox 297 3105 536 3171; x_wconf 84' lang='lat' dir='ltr'>oborta</span> <span class='ocrx_word' id='word_1_273' title='bbox 581 3118 742 3171; x_wconf 86' lang='lat' dir='ltr'>esset</span> <span class='ocrx_word' id='word_1_274' title='bbox 771 3107 1135 3171; x_wconf 87' lang='lat' dir='ltr'>Asconium</span> <span class='ocrx_word' id='word_1_275' title='bbox 1159 3108 1439 3171; x_wconf 85' lang='lat' dir='ltr'>fortasse</span> <span class='ocrx_word' id='word_1_276' title='bbox 1462 3109 1532 3169; x_wconf 93' lang='lat' dir='ltr'>in</span> <span class='ocrx_word' id='word_1_277' title='bbox 1562 3106 1996 3193; x_wconf 80' lang='lat' dir='ltr'>ambrosianis</span> <span class='ocrx_word' id='word_1_278' title='bbox 2024 3110 2208 3170; x_wconf 86' lang='lat' dir='ltr'>codi-</span> <span class='ocrx_word' id='word_1_279' title='bbox 2241 3131 2404 3182; x_wconf 83' lang='lat' dir='ltr'>detur</span> <span class='ocrx_word' id='word_1_280' title='bbox 2463 3136 2540 3183; x_wconf 76' lang='lat' dir='ltr'>A-</span> 
     </span>
     <span class='ocr_line' id='line_1_35' title="bbox 111 3189 2491 3281; baseline -0.001 -24"><span class='ocrx_word' id='word_1_281' title='bbox 111 3195 298 3259; x_wconf 84' lang='lat' dir='ltr'>cibus</span> <span class='ocrx_word' id='word_1_282' title='bbox 336 3189 620 3257; x_wconf 82' lang='lat' dir='ltr'>latitare.</span> <span class='ocrx_word' id='word_1_283' title='bbox 709 3190 832 3255; x_wconf 90' lang='lat' dir='ltr'>Sed</span> <span class='ocrx_word' id='word_1_284' title='bbox 879 3194 1057 3255; x_wconf 89' lang='lat' dir='ltr'>enim</span> <span class='ocrx_word' id='word_1_285' title='bbox 1101 3202 1250 3255; x_wconf 84' lang='lat' dir='ltr'>ante</span> <span class='ocrx_word' id='word_1_286' title='bbox 1285 3190 1694 3277; x_wconf 83' lang='lat' dir='ltr'>recognitam</span> <span class='ocrx_word' id='word_1_287' title='bbox 1720 3190 2123 3281; x_wconf 79' lang='lat' dir='ltr'>exscriptam</span> <span class='ocrx_word' id='word_1_288' title='bbox 2150 3203 2213 3258; x_wconf 86' lang='lat' dir='ltr'>et</span> <span class='ocrx_word' id='word_1_289' title='bbox 2253 3200 2491 3255; x_wconf 69' lang='lat' dir='ltr'>aeonius.</span> 
     </span>
    </p>
   </div>
   <div class='ocr_carea' id='block_1_18' title="bbox 2233 3006 2657 3064">
    <p class='ocr_par' dir='ltr' id='par_1_18' title="bbox 2233 3006 2657 3064">
     <span class='ocr_line' id='line_1_36' title="bbox 2233 3006 2657 3064; baseline 0.005 -19"><span class='ocrx_word' id='word_1_290' title='bbox 2233 3006 2412 3064; x_wconf 84' lang='lat' dir='ltr'>psesto</span> <span class='ocrx_word' id='word_1_291' title='bbox 2452 3012 2537 3047; x_wconf 83' lang='lat' dir='ltr'>re-</span> <span class='ocrx_word' id='word_1_292' title='bbox 2648 3024 2657 3037; x_wconf 55' lang='lat' dir='ltr'>s</span> 
     </span>
    </p>
   </div>
   <div class='ocr_carea' id='block_1_19' title="bbox 109 3392 1117 3657">
    <p class='ocr_par' dir='ltr' id='par_1_19' title="bbox 109 3392 1117 3657">
     <span class='ocr_line' id='line_1_37' title="bbox 119 3392 1116 3447; baseline 0.002 -4"><span class='ocrx_word' id='word_1_293' title='bbox 119 3394 299 3445; x_wconf 83' lang='lat' dir='ltr'>sianos</span> <span class='ocrx_word' id='word_1_294' title='bbox 371 3392 636 3447; x_wconf 82' lang='lat' dir='ltr'>collatam</span> <span class='ocrx_word' id='word_1_295' title='bbox 722 3393 878 3447; x_wconf 87' lang='lat' dir='ltr'>omni</span> <span class='ocrx_word' id='word_1_296' title='bbox 947 3393 1116 3446; x_wconf 85' lang='lat' dir='ltr'>vitio-</span> 
     </span>
     <span class='ocr_line' id='line_1_38' title="bbox 121 3462 1115 3533; baseline 0.003 -22"><span class='ocrx_word' id='word_1_297' title='bbox 121 3480 244 3513; x_wconf 83' lang='lat' dir='ltr'>rum</span> <span class='ocrx_word' id='word_1_298' title='bbox 293 3478 498 3533; x_wconf 83' lang='lat' dir='ltr'>genere</span> <span class='ocrx_word' id='word_1_299' title='bbox 551 3462 888 3531; x_wconf 85' lang='lat' dir='ltr'>deprehendi</span> <span class='ocrx_word' id='word_1_300' title='bbox 926 3462 1115 3533; x_wconf 81' lang='lat' dir='ltr'>inqui-</span> 
     </span>
     <span class='ocr_line' id='line_1_39' title="bbox 121 3530 1115 3600; baseline 0.004 -21"><span class='ocrx_word' id='word_1_301' title='bbox 121 3530 514 3595; x_wconf 85' lang='lat' dir='ltr'>natissimam.)</span> <span class='ocrx_word' id='word_1_302' title='bbox 567 3530 808 3600; x_wconf 86' lang='lat' dir='ltr'>denique</span> <span class='ocrx_word' id='word_1_303' title='bbox 858 3532 916 3582; x_wconf 84' lang='lat' dir='ltr'>in</span> <span class='ocrx_word' id='word_1_304' title='bbox 975 3538 1115 3600; x_wconf 83' lang='lat' dir='ltr'>ope-</span> 
     </span>
     <span class='ocr_line' id='line_1_40' title="bbox 109 3599 1117 3657; baseline 0.004 -10"><span class='ocrx_word' id='word_1_305' title='bbox 109 3600 270 3650; x_wconf 83' lang='lat' dir='ltr'>&#39;ribus</span> <span class='ocrx_word' id='word_1_306' title='bbox 321 3599 600 3651; x_wconf 81' lang='lat' dir='ltr'>Ciceronis</span> <span class='ocrx_word' id='word_1_307' title='bbox 641 3600 1117 3657; x_wconf 77' lang='lat' dir='ltr'>amstelodamen-</span> 
     </span>
    </p>
   </div>
   <div class='ocr_carea' id='block_1_20' title="bbox 44 3670 1118 3735">
    <p class='ocr_par' dir='ltr' id='par_1_20' title="bbox 44 3670 1118 3735">
     <span class='ocr_line' id='line_1_41' title="bbox 44 3670 1118 3735; baseline 0.007 -22"><span class='ocrx_word' id='word_1_308' title='bbox 44 3726 50 3735; x_wconf 37' lang='grc' dir='ltr'>Ι</span> <span class='ocrx_word' id='word_1_309' title='bbox 127 3683 236 3717; x_wconf 83' lang='lat' dir='ltr'>sem</span> <span class='ocrx_word' id='word_1_310' title='bbox 274 3670 660 3719; x_wconf 81' lang='lat' dir='ltr'>MDCCXXIV.</span> <span class='ocrx_word' id='word_1_311' title='bbox 698 3678 754 3719; x_wconf 89' lang='lat' dir='ltr'>et</span> <span class='ocrx_word' id='word_1_312' title='bbox 800 3670 1118 3735; x_wconf 83' lang='lat' dir='ltr'>patavinam</span> 
     </span>
    </p>
   </div>
   <div class='ocr_carea' id='block_1_21' title="bbox 128 3737 1124 4290">
    <p class='ocr_par' dir='ltr' id='par_1_21' title="bbox 128 3737 1124 4290">
     <span class='ocr_line' id='line_1_42' title="bbox 128 3737 1116 3805; baseline 0.004 -23"><span class='ocrx_word' id='word_1_313' title='bbox 128 3737 444 3787; x_wconf 82' lang='lat' dir='ltr'>MDCCLIII.</span> <span class='ocrx_word' id='word_1_314' title='bbox 478 3738 622 3789; x_wconf 76' lang='lat' dir='ltr'><strong>MAI.</strong></span> <span class='ocrx_word' id='word_1_315' title='bbox 693 3739 932 3786; x_wconf 74' lang='lat' dir='ltr'>¹’Extant</span> <span class='ocrx_word' id='word_1_316' title='bbox 959 3755 1116 3805; x_wconf 77' lang='lat' dir='ltr'>prae-</span> 
     </span>
     <span class='ocr_line' id='line_1_43' title="bbox 129 3803 1118 3857; baseline 0.005 -6"><span class='ocrx_word' id='word_1_317' title='bbox 129 3811 275 3855; x_wconf 83' lang='lat' dir='ltr'>terea</span> <span class='ocrx_word' id='word_1_318' title='bbox 304 3804 389 3857; x_wconf 87' lang='lat' dir='ltr'>ed.</span> <span class='ocrx_word' id='word_1_319' title='bbox 417 3804 516 3857; x_wconf 87' lang='lat' dir='ltr'>Ph.</span> <span class='ocrx_word' id='word_1_320' title='bbox 542 3803 985 3855; x_wconf 81' lang='lat' dir='ltr'>Melanchthonis</span> <span class='ocrx_word' id='word_1_321' title='bbox 1009 3809 1118 3856; x_wconf 79' lang='lat' dir='ltr'>Ha-</span> 
     </span>
     <span class='ocr_line' id='line_1_44' title="bbox 134 3871 1118 3941; baseline 0.004 -19"><span class='ocrx_word' id='word_1_322' title='bbox 134 3874 362 3939; x_wconf 86' lang='lat' dir='ltr'>ganoiae</span> <span class='ocrx_word' id='word_1_323' title='bbox 399 3890 500 3941; x_wconf 86' lang='lat' dir='ltr'>per</span> <span class='ocrx_word' id='word_1_324' title='bbox 529 3872 646 3923; x_wconf 88' lang='lat' dir='ltr'>Ich.</span> <span class='ocrx_word' id='word_1_325' title='bbox 683 3871 969 3923; x_wconf 86' lang='lat' dir='ltr'>Secerium</span> <span class='ocrx_word' id='word_1_326' title='bbox 995 3890 1038 3925; x_wconf 81' lang='lat' dir='ltr'>s.</span> <span class='ocrx_word' id='word_1_327' title='bbox 1068 3889 1118 3927; x_wconf 81' lang='lat' dir='ltr'>a.</span> 
     </span>
     <span class='ocr_line' id='line_1_45' title="bbox 133 3940 1123 4009; baseline 0.008 -22"><span class='ocrx_word' id='word_1_328' title='bbox 133 3940 309 3994; x_wconf 77' lang='lat' dir='ltr'>forma</span> <span class='ocrx_word' id='word_1_329' title='bbox 347 3958 641 4007; x_wconf 75' lang='lat' dir='ltr'>maxuma,</span> <span class='ocrx_word' id='word_1_330' title='bbox 707 3948 764 3992; x_wconf 88' lang='lat' dir='ltr'>et</span> <span class='ocrx_word' id='word_1_331' title='bbox 802 3946 1028 4009; x_wconf 81' lang='lat' dir='ltr'>Argent.</span> <span class='ocrx_word' id='word_1_332' title='bbox 1071 3958 1123 3995; x_wconf 79' lang='lat' dir='ltr'>a.</span> 
     </span>
     <span class='ocr_line' id='line_1_46' title="bbox 135 4007 1123 4065; baseline 0 -4"><span class='ocrx_word' id='word_1_333' title='bbox 135 4010 274 4063; x_wconf 83' lang='lat'><strong>1535.</strong></span> <span class='ocrx_word' id='word_1_334' title='bbox 321 4012 378 4065; x_wconf 84' lang='lat'>8.</span> <span class='ocrx_word' id='word_1_335' title='bbox 468 4013 712 4062; x_wconf 83' lang='lat' dir='ltr'>Venetae</span> <span class='ocrx_word' id='word_1_336' title='bbox 767 4024 897 4059; x_wconf 85' lang='lat' dir='ltr'>cum</span> <span class='ocrx_word' id='word_1_337' title='bbox 946 4007 1123 4062; x_wconf 78' lang='lat' dir='ltr'>schol.</span> 
     </span>
     <span class='ocr_line' id='line_1_47' title="bbox 133 4074 1122 4134; baseline 0.009 -11"><span class='ocrx_word' id='word_1_338' title='bbox 133 4074 273 4129; x_wconf 83' lang='lat' dir='ltr'>Pauli</span> <span class='ocrx_word' id='word_1_339' title='bbox 287 4078 522 4131; x_wconf 80' lang='lat' dir='ltr'>Manutii</span> <span class='ocrx_word' id='word_1_340' title='bbox 549 4079 699 4134; x_wconf 83' lang='lat'>1545.</span> <span class='ocrx_word' id='word_1_341' title='bbox 726 4078 812 4133; x_wconf 80' lang='lat'>47.</span> <span class='ocrx_word' id='word_1_342' title='bbox 836 4076 921 4131; x_wconf 84' lang='grc'><strong>53.</strong></span> <span class='ocrx_word' id='word_1_343' title='bbox 951 4077 1038 4131; x_wconf 84' lang='grc'><strong>63.</strong></span> <span class='ocrx_word' id='word_1_344' title='bbox 1070 4079 1122 4131; x_wconf 83' lang='grc'><strong>8.</strong></span> 
     </span>
     <span class='ocr_line' id='line_1_48' title="bbox 135 4144 1124 4215; baseline 0.004 -24"><span class='ocrx_word' id='word_1_345' title='bbox 135 4144 210 4196; x_wconf 86' lang='lat' dir='ltr'>Fr.</span> <span class='ocrx_word' id='word_1_346' title='bbox 235 4148 576 4199; x_wconf 86' lang='lat' dir='ltr'>Hotomanni</span> <span class='ocrx_word' id='word_1_347' title='bbox 600 4147 851 4215; x_wconf 77' lang='lat' dir='ltr'>Lugdun.</span> <span class='ocrx_word' id='word_1_348' title='bbox 882 4162 934 4197; x_wconf 78' lang='lat' dir='ltr'>a.</span> <span class='ocrx_word' id='word_1_349' title='bbox 967 4148 1124 4202; x_wconf 85' lang='grc'><strong>1551.</strong></span> 
     </span>
     <span class='ocr_line' id='line_1_49' title="bbox 135 4210 1123 4290; baseline -0.003 -23"><span class='ocrx_word' id='word_1_350' title='bbox 135 4210 210 4267; x_wconf 76' lang='lat'>54.</span> <span class='ocrx_word' id='word_1_351' title='bbox 254 4218 306 4270; x_wconf 88' lang='lat'>8.</span> <span class='ocrx_word' id='word_1_352' title='bbox 349 4232 479 4269; x_wconf 86' lang='lat' dir='ltr'>cum</span> <span class='ocrx_word' id='word_1_353' title='bbox 517 4214 628 4267; x_wconf 81' lang='lat' dir='ltr'>Titi</span> <span class='ocrx_word' id='word_1_354' title='bbox 669 4220 910 4283; x_wconf 78' lang='lat' dir='ltr'>l’opmae</span> <span class='ocrx_word' id='word_1_355' title='bbox 965 4214 1123 4290; x_wconf 69' lang='lat' dir='ltr'>Frisii</span> 
     </span>
    </p>
   </div>
   <div class='ocr_carea' id='block_1_22' title="bbox 1217 3392 2221 3943">
    <p class='ocr_par' dir='ltr' id='par_1_22' title="bbox 1217 3392 2221 3943">
     <span class='ocr_line' id='line_1_50' title="bbox 1217 3392 2211 3463; baseline 0.002 -18"><span class='ocrx_word' id='word_1_356' title='bbox 1217 3393 1362 3445; x_wconf 82' lang='lat' dir='ltr'>notis</span> <span class='ocrx_word' id='word_1_357' title='bbox 1395 3392 1589 3447; x_wconf 87' lang='lat' dir='ltr'>Colon.</span> <span class='ocrx_word' id='word_1_358' title='bbox 1619 3393 1772 3449; x_wconf 83' lang='lat'><strong>1558.</strong></span> <span class='ocrx_word' id='word_1_359' title='bbox 1802 3396 1854 3447; x_wconf 89' lang='grc'><strong>8.</strong></span> <span class='ocrx_word' id='word_1_360' title='bbox 1906 3392 2080 3463; x_wconf 85' lang='lat' dir='ltr'>Lugd.</span> <span class='ocrx_word' id='word_1_361' title='bbox 2108 3397 2211 3447; x_wconf 83' lang='lat' dir='ltr'>Ba-</span> 
     </span>
     <span class='ocr_line' id='line_1_51' title="bbox 1217 3462 2216 3518; baseline 0.001 -3"><span class='ocrx_word' id='word_1_362' title='bbox 1217 3471 1329 3515; x_wconf 83' lang='lat' dir='ltr'>tav.</span> <span class='ocrx_word' id='word_1_363' title='bbox 1365 3462 1515 3518; x_wconf 83' lang='lat'>1644.</span> <span class='ocrx_word' id='word_1_364' title='bbox 1550 3464 1629 3517; x_wconf 75' lang='lat'>12.</span> <span class='ocrx_word' id='word_1_365' title='bbox 1676 3472 1731 3513; x_wconf 85' lang='lat' dir='ltr'>et</span> <span class='ocrx_word' id='word_1_366' title='bbox 1756 3462 2006 3515; x_wconf 84' lang='lat' dir='ltr'>Thomae</span> <span class='ocrx_word' id='word_1_367' title='bbox 2033 3465 2216 3516; x_wconf 83' lang='lat' dir='ltr'>Crenii</span> 
     </span>
     <span class='ocr_line' id='line_1_52' title="bbox 1221 3531 2213 3600; baseline 0.003 -15"><span class='ocrx_word' id='word_1_368' title='bbox 1221 3532 1372 3586; x_wconf 81' lang='lat'><strong>1693.</strong></span> <span class='ocrx_word' id='word_1_369' title='bbox 1404 3536 1487 3587; x_wconf 73' lang='lat'>12.</span> <span class='ocrx_word' id='word_1_370' title='bbox 1558 3531 1806 3600; x_wconf 85' lang='lat' dir='ltr'>Denique</span> <span class='ocrx_word' id='word_1_371' title='bbox 1840 3532 1899 3582; x_wconf 87' lang='lat' dir='ltr'>in</span> <span class='ocrx_word' id='word_1_372' title='bbox 1946 3532 2055 3585; x_wconf 86' lang='lat' dir='ltr'>Cic.</span> <span class='ocrx_word' id='word_1_373' title='bbox 2087 3532 2213 3588; x_wconf 83' lang='lat' dir='ltr'>edd.</span> 
     </span>
     <span class='ocr_line' id='line_1_53' title="bbox 1221 3599 2214 3664; baseline 0.002 -14"><span class='ocrx_word' id='word_1_374' title='bbox 1221 3599 1587 3652; x_wconf 80' lang='lat' dir='ltr'>Gronovianis</span> <span class='ocrx_word' id='word_1_375' title='bbox 1602 3636 1617 3662; x_wconf 94' lang='lat'>,</span> <span class='ocrx_word' id='word_1_376' title='bbox 1674 3600 2021 3664; x_wconf 77' lang='lat' dir='ltr'>Graevianis,</span> <span class='ocrx_word' id='word_1_377' title='bbox 2047 3632 2053 3637; x_wconf 81' lang='lat'><em>‚</em></span> <span class='ocrx_word' id='word_1_378' title='bbox 2076 3604 2214 3652; x_wconf 78' lang='lat' dir='ltr'>Ver-</span> 
     </span>
     <span class='ocr_line' id='line_1_54' title="bbox 1218 3668 2219 3738; baseline -0.002 -17"><span class='ocrx_word' id='word_1_379' title='bbox 1218 3670 1533 3738; x_wconf 69' lang='lat' dir='ltr'>burgianiS,</span> <span class='ocrx_word' id='word_1_380' title='bbox 1603 3668 1931 3721; x_wconf 75' lang='lat' dir='ltr'>Schfitziana</span> <span class='ocrx_word' id='word_1_381' title='bbox 1993 3668 2219 3719; x_wconf 76' lang='lat' dir='ltr'>Asconii</span> 
     </span>
     <span class='ocr_line' id='line_1_55' title="bbox 1220 3736 2218 3790; baseline -0.003 -2"><span class='ocrx_word' id='word_1_382' title='bbox 1220 3737 1612 3788; x_wconf 68' lang='lat' dir='ltr'>commentarii</span> <span class='ocrx_word' id='word_1_383' title='bbox 1627 3737 1907 3790; x_wconf 82' lang='lat' dir='ltr'>Ciceronis</span> <span class='ocrx_word' id='word_1_384' title='bbox 1930 3738 2103 3787; x_wconf 84' lang='lat' dir='ltr'>textui</span> <span class='ocrx_word' id='word_1_385' title='bbox 2127 3736 2218 3786; x_wconf 85' lang='lat' dir='ltr'>vel</span> 
     </span>
     <span class='ocr_line' id='line_1_56' title="bbox 1221 3801 2221 3857; baseline -0.003 -2"><span class='ocrx_word' id='word_1_386' title='bbox 1221 3806 1487 3857; x_wconf 78' lang='lat' dir='ltr'>substrati</span> <span class='ocrx_word' id='word_1_387' title='bbox 1528 3804 1621 3857; x_wconf 82' lang='lat' dir='ltr'>vel</span> <span class='ocrx_word' id='word_1_388' title='bbox 1658 3805 1731 3857; x_wconf 74' lang='lat' dir='ltr'>ad</span> <span class='ocrx_word' id='word_1_389' title='bbox 1786 3804 2003 3857; x_wconf 77' lang='lat' dir='ltr'>calcem</span> <span class='ocrx_word' id='word_1_390' title='bbox 2040 3801 2221 3855; x_wconf 75' lang='lat' dir='ltr'>additi</span> 
     </span>
     <span class='ocr_line' id='line_1_57' title="bbox 1221 3874 1503 3943; baseline 0 -18"><span class='ocrx_word' id='word_1_391' title='bbox 1221 3874 1503 3943; x_wconf 82' lang='lat' dir='ltr'>leguntur.</span> 
     </span>
    </p>
   </div>
   <div class='ocr_carea' id='block_1_23' title="bbox 1225 3939 2237 4289">
    <p class='ocr_par' dir='ltr' id='par_1_23' title="bbox 1225 3939 2237 4149">
     <span class='ocr_line' id='line_1_58' title="bbox 1291 3939 2223 4009; baseline -0.002 -16"><span class='ocrx_word' id='word_1_392' title='bbox 1291 3944 1398 4005; x_wconf 75' lang='grc'>22)</span> <span class='ocrx_word' id='word_1_393' title='bbox 1438 3948 1467 3981; x_wconf 88' lang='grc'>*</span> <span class='ocrx_word' id='word_1_394' title='bbox 1486 3940 1741 3993; x_wconf 78' lang='lat' dir='ltr'>Cf.¹1‘nfra</span> <span class='ocrx_word' id='word_1_395' title='bbox 1768 3942 1838 3992; x_wconf 78' lang='lat' dir='ltr'>de</span> <span class='ocrx_word' id='word_1_396' title='bbox 1862 3942 1949 3993; x_wconf 71' lang='lat' dir='ltr'>ed.</span> <span class='ocrx_word' id='word_1_397' title='bbox 1970 3939 2223 4009; x_wconf 66' lang='lat' dir='ltr'>prinpre</span> 
     </span>
     <span class='ocr_line' id='line_1_59' title="bbox 1225 4009 2221 4079; baseline -0.002 -16"><span class='ocrx_word' id='word_1_398' title='bbox 1225 4012 1529 4063; x_wconf 78' lang='lat' dir='ltr'>Mediolan.</span> <span class='ocrx_word' id='word_1_399' title='bbox 1576 4009 1847 4079; x_wconf 83' lang='lat' dir='ltr'>fragmm.</span> <span class='ocrx_word' id='word_1_400' title='bbox 1912 4010 2019 4061; x_wconf 78' lang='lat' dir='ltr'>cic.</span> <span class='ocrx_word' id='word_1_401' title='bbox 2072 4028 2221 4061; x_wconf 83' lang='lat' dir='ltr'>com-</span> 
     </span>
     <span class='ocr_line' id='line_1_60' title="bbox 1225 4080 2237 4149; baseline 0 -18"><span class='ocrx_word' id='word_1_402' title='bbox 1225 4091 1410 4131; x_wconf 80' lang='lat' dir='ltr'>mente.</span> <span class='ocrx_word' id='word_1_403' title='bbox 1450 4080 1501 4129; x_wconf 75' lang='lat'>2.</span> <span class='ocrx_word' id='word_1_404' title='bbox 1527 4091 1597 4131; x_wconf 83' lang='lat' dir='ltr'>ss.</span> <span class='ocrx_word' id='word_1_405' title='bbox 2228 4122 2237 4149; x_wconf 77' lang='grc'>,</span> 
     </span>
    </p>

    <p class='ocr_par' dir='ltr' id='par_1_24' title="bbox 1227 4142 2222 4289">
     <span class='ocr_line' id='line_1_61' title="bbox 1296 4142 2222 4211; baseline -0.002 -13"><span class='ocrx_word' id='word_1_406' title='bbox 1296 4144 1394 4211; x_wconf 77' lang='grc'>23)</span> <span class='ocrx_word' id='word_1_407' title='bbox 1433 4142 1553 4197; x_wconf 69' lang='lat' dir='ltr'>*Cfi</span> <span class='ocrx_word' id='word_1_408' title='bbox 1594 4142 1745 4197; x_wconf 78' lang='lat' dir='ltr'>infra</span> <span class='ocrx_word' id='word_1_409' title='bbox 1778 4142 1818 4201; x_wconf 86' lang='lat' dir='ltr'>l.</span> <span class='ocrx_word' id='word_1_410' title='bbox 1858 4162 1905 4197; x_wconf 83' lang='lat'>0.</span> <span class='ocrx_word' id='word_1_411' title='bbox 1947 4161 2222 4199; x_wconf 72' lang='lat' dir='ltr'>comment.</span> 
     </span>
     <span class='ocr_line' id='line_1_62' title="bbox 1227 4212 2171 4289; baseline 0.003 -23"><span class='ocrx_word' id='word_1_412' title='bbox 1227 4212 1278 4267; x_wconf 87' lang='grc'><strong>5.</strong></span> <span class='ocrx_word' id='word_1_413' title='bbox 1307 4222 1362 4267; x_wconf 82' lang='lat' dir='ltr'>et</span> <span class='ocrx_word' id='word_1_414' title='bbox 1387 4234 1561 4271; x_wconf 76' lang='lat' dir='ltr'>novae</span> <span class='ocrx_word' id='word_1_415' title='bbox 1588 4218 1674 4271; x_wconf 72' lang='lat' dir='ltr'>ed.</span> <span class='ocrx_word' id='word_1_416' title='bbox 1696 4216 1947 4289; x_wconf 69' lang='lat' dir='ltr'>praefat.</span> <span class='ocrx_word' id='word_1_417' title='bbox 1970 4217 2129 4270; x_wconf 54' lang='lat' dir='ltr'>calu.</span> <span class='ocrx_word' id='word_1_418' title='bbox 2160 4242 2171 4269; x_wconf 76' lang='lat' dir='ltr'>J</span> 
     </span>
    </p>
   </div>
   <div class='ocr_carea' id='block_1_24' title="bbox 1776 4306 1809 4345">
    <p class='ocr_par' dir='ltr' id='par_1_25' title="bbox 1776 4306 1809 4345">
     <span class='ocr_line' id='line_1_63' title="bbox 1776 4306 1809 4345; baseline 0 0"><span class='ocrx_word' id='word_1_419' title='bbox 1776 4306 1809 4345; x_wconf 82' lang='lat' dir='ltr'>C</span> 
     </span>
    </p>
   </div>
  </div>
 </body>
</html>
