2859 4617
695 372 930 426 xxxvl
1187 346 1705 417 PRINCIPIS
1747 342 2285 411 EDITIONIS

702 524 1073 601 arationem
1119 486 1206 586 cze'
1247 542 1404 585 aere
1432 520 1657 587 alieno
1682 511 1959 583 monis
1988 512 2103 579 lv.
2136 521 2192 581 1.
2231 510 2438 579 videri
2474 508 2681 575 clodi
2694 532 2819 578 um

707 632 850 675 eam
881 607 1096 693 legem
1121 604 1326 671 fuisse
1349 603 1672 669 laturum.

875 732 942 793 9.
1027 722 1197 787 Item
1226 722 1296 785 in
1319 718 1799 786 commentario
1836 715 2014 781 edito
2047 716 2128 779 ad
2157 714 2529 778 orationem
2554 713 2634 776 in
2676 714 2815 777 Pi-

708 832 939 877 sonem
966 806 1051 874 X.
1082 807 1306 871 scribit
1333 805 1649 868 Asconius
1686 824 1753 865 se
1793 802 1926 865 iam
1974 800 2248 876 dixisse,
2293 800 2365 861 L.
2410 797 2737 860 Lamiam
2785 822 2812 858 a

710 895 995 959 Gabinio
1027 890 1298 955 consule
1330 890 1537 953 edicto
1558 888 1923 971 relegatum
1956 906 2108 948 esse.
2194 882 2272 946 Id
2317 893 2537 945 autem
2582 902 2811 965 quum

711 976 966 1043 frustra
1036 974 1427 1061 quaesiveris
1498 975 1568 1035 in
1634 970 1915 1033 Asconio
1991 969 2161 1033 edito
2189 1014 2207 1043 ,
2303 976 2606 1029 occurret
2693 966 2811 1027 tibi

715 1063 896 1211 §pud
951 1054 1398 1147 Interpretem
1441 1066 1753 1121 nostrum
1803 1054 1884 1117 ad
1931 1052 2301 1117 orationem
2331 1073 2474 1139 pro
2510 1048 2813 1115 Plancio

709 1328 717 1337 ,
893 1250 1008 1329 1o.'
1075 1257 1510 1325 Incommoda
1548 1258 1721 1345 ipsa,
1764 1252 2009 1342 quibus
2042 1267 2197 1321 tum
2236 1253 2449 1319 editus
2480 1250 2832 1327 Asconius¹

669 1410 678 1419 ,
722 1358 878 1411 tum
901 1344 1244 1430 Interpres
1273 1355 1499 1407 noster
1528 1342 1810 1405 ineditus
1836 1338 2175 1417 laborant,
2236 1336 2525 1403 eiusdem
2552 1335 2806 1420 generis
2831 1334 2832 1347 ¹

723 1442 904 1495 sunt.
989 1430 1290 1513 Uterque
1325 1428 1502 1492 enim
1534 1426 1774 1489 iniuria
1801 1436 2189 1510 temporum
2221 1434 2285 1487 et
2302 1421 2676 1485 scribarum
2710 1420 2808 1480 in-

711 1514 910 1579 'curia
950 1512 1121 1577 male
1156 1512 1417 1575 habitus
1459 1522 1573 1575 est.
1658 1508 1739 1572 In
1782 1519 2071 1593 utroque
2116 1520 2271 1571 sunt
2308 1506 2575 1569 lacunae
2600 1502 2809 1566 modo

725 1599 1128 1675 verborum,
1191 1596 1397 1665 modo
1442 1593 1939 1659 sententiarum.
2026 1590 2106 1655 In
2141 1604 2427 1675 utroque
2474 1612 2613 1653 non
2656 1609 2808 1650 raro

731 1681 1247 1747 commentarius
1309 1690 1403 1741 est
1464 1676 1815 1765 acephalus
1878 1687 1991 1739 aut
2040 1676 2341 1739 mutilus.
2450 1672 2680 1751 Quare
2748 1670 2809 1731 in

733 1762 1145 1830 emendando
1177 1774 1291 1825 aut
1329 1760 1714 1825 declarando
1750 1758 2007 1822 Pediani
2041 1771 2235 1837 textu
2261 1770 2595 1823 strenuam
2645 1778 2807 1841 ope-

733 1871 883 1911 ram
921 1858 1295 1931 posuerunt
1334 1844 1694 1907 doctissimi
1734 1842 1858 1906 viri
1892 1842 2265 1906 Gulielmus
2292 1842 2632 1921 Budaeus,
2678 1842 2809 1904 Lo-

735 1931 968 1994 doicus
1018 1929 1332 2006 AlvaruS,
1403 1928 1650 1991 Paulus
1708 1926 2077 2005 Manutius,
2152 1927 2426 1991 Carolus
2486 1926 2806 2009 Sigonixm,

737 2014 1028 2093 Andreas
1071 2010 1417 2086 PatriciuS‚
1490 2010 1869 2073 Franciscus
1912 2010 2277 2091 Fabricius,
2354 2012 2583 2075 Petrus
2633 2010 2699 2071 N
2702 2030 2808 2070 an-

735 2098 924 2173 niUS,
999 2096 1230 2158 Petrus
1267 2094 1617 2179 DanesiuS,
1688 2094 1768 2157 T.
1811 2094 2070 2181 Popma
2111 2095 2465 2181 Phi-ysius,
2539 2092 2810 2157 Iacobus

741 2179 1112 2265 Cruquius‚
1157 2178 1458 2241 Thomas
1494 2179 1799 2247 Crenius‚
1842 2177 2119 2241 Ioannes
2146 2177 2511 2241 Fridericus
2546 2178 2811 2239 Grono-

739 2264 919 2342 vius,
993 2262 1370 2350 Franciscus
1411 2264 1914 2339 HotomannuS,
1980 2273 2042 2325 et
2084 2284 2379 2347 quorum
2422 2261 2625 2349 paulo
2677 2272 2814 2322 ante

739 2347 936 2429 locos
973 2347 1238 2411 recitavi
1289 2346 1506 2411 editor
1564 2347 1956 2433 pa1·isiacu8‚
2031 2344 2405 2409 Franciscus
2470 2345 2813 2415 Asulmms,

740 2432 1018 2497 Ioannes
1072 2431 1435 2509 LodoicuS‚
1515 2446 1577 2494 et
1644 2430 1777 2493 alii:
1851 2452 2089 2514 eaeque
2151 2430 2599 2493 adnotationes
2664 2450 2832 2515 par-¹

741 2518 868 2579 tim
922 2516 1152 2579 saltem
1213 2516 1485 2578 editioni
1537 2516 1797 2579 Asconii
1853 2514 2165 2599 Lugduni
2218 2514 2623 2593 Batavorum
2676 2509 2817 2576 anm¹

743 2598 1209 2662 MDGLXXV.
1261 2598 1779 2683 subiunguntur.
1872 2598 2206 2676 Quantam
2260 2599 2655 2662 medicinam
2700 2619 2820 2659 no·-

745 2693 888 2745 stro
925 2682 1128 2744 codici
1171 2680 1415 2744 inedito
1453 2704 1576 2745 nos
1617 2680 1998 2762 fecerimuS‚
2044 2704 2131 2745 ex
2160 2684 2333 2746 notis
2368 2683 2610 2747 nostris
2642 2692 2832 2768 pate-i

745 2765 869 2853 bit.
953 2765 1256 2849 Denique
1322 2776 1475 2828 tum
1541 2768 1609 2828 in
1670 2766 1837 2829 calce
1908 2767 2255 2853 parisiacae
2322 2767 2620 2830 editionis
2682 2762 2832 2827 anni*

748 2847 1039 2913 MDXX.
1071 2859 1222 2911 tum
1253 2849 1334 2911 ab
1365 2850 1625 2913 Andrea
1651 2849 1927 2913 Patricio
1961 2851 2031 2912 in
2061 2852 2342 2914 editione
2368 2850 2678 2935 Lugduni
2703 2851 2823 2912 Ba-

747 2942 1060 3019 tavorum
1097 2956 1166 3019 p.
1212 2940 1360 3001 284.
1404 2954 1797 3012 monemur,
1858 2936 2116 2997 Asconii
2164 2935 2362 2999 verba
2402 2956 2589 3018 aegre
2622 2934 2825 2995 inter-

749 3016 915 3081 dum
957 3018 1027 3079 in
1074 3018 1402 3081 codicibus
1450 3041 1487 3081 a
1532 3018 1861 3081 Ciceronis
1896 3019 2109 3083 verbis
2143 3018 2472 3105 distingui.
2558 3017 2638 3079 Id
2670 3014 2827 3080 mihi

733 3122 1050 3187 quoque,
1109 3101 1274 3167 dum
1332 3101 1624 3167 codicem
1670 3103 2139 3183 exscriberem,
2204 3102 2385 3168 haud
2419 3124 2575 3167 raro
2614 3102 2827 3167 mole-

753 3185 947 3250 stiam
977 3198 1040 3249 et
1070 3187 1589 3274 perplexitatem
1618 3187 1876 3251 creabat
1900 3184 2043 3274 29).

427 3336 722 3390 Concludi-
923 3324 1244 3387 Asconius
1279 3326 1485 3409 igitur
1525 3347 1805 3411 prorsus
1834 3349 1869 3389 a
1896 3327 2087 3390 nobis
2113 3326 2439 3392 iudicatur
2465 3338 2697 3390 noster
2724 3326 2832 3391 In-

427 3410 1006 3524 AEffnfficfgerpres
1023 3451 1040 3481 ⁹
1083 3418 1234 3469 tum
1257 3420 1541 3494 propter
1570 3408 1683 3471 has
1716 3432 1947 3473 omnes
1981 3410 2381 3474 coniecturas
2397 3457 2416 3489 ,
2461 3422 2612 3474 tum
2640 3422 2833 3497 praes

421 3542 481 3593 ri
510 3556 734 3609 prorsus
758 3488 951 3573 cipue
974 3489 1062 3551 ob
1091 3500 1393 3554 octavam
1421 3504 1485 3553 et
1510 3514 1784 3555 nonam.
1869 3492 2011 3557 Iam
2037 3495 2089 3557 si
2120 3516 2235 3557 sua
2260 3496 2496 3579 cuique
2518 3498 2649 3558 scri
2707 3496 2833 3561 tori

449 3610 738 3660 inventum
753 3584 1162 3668 natura-est,
1202 3595 1362 3649 suus
1398 3576 1636 3661 cuique
1666 3577 1853 3641 color
1889 3602 1959 3640 ac
1990 3601 2197 3664 paene
2222 3579 2443 3643 vultus
2456 3602 2475 3655 3
2520 3578 2659 3641 nihi
2722 3604 2833 3644 au-

429 3678 488 3729 in
514 3665 892 3729 amm-sptem
919 3658 1128 3721 editus
1166 3654 1328 3720 olim
1359 3659 1621 3722 Asconii
1643 3672 1898 3738 textuS,
1944 3664 2023 3726 ab
2068 3686 2145 3726 eo
2188 3663 2303 3748 qui
2327 3663 2635 3751 primum
2664 3686 2833 3729 nunc

456 3747 614 3827 piano
639 3764 735 3815 pa·
757 3739 1015 3818 editur,
1060 3740 1323 3803 differre
1349 3743 1635 3820 videtin-3
1678 3745 1796 3807 reli
1849 3768 2017 3809 uum
2044 3759 2171 3823 est,
2211 3759 2291 3809 ut
2322 3768 2445 3808 nos
2472 3746 2551 3809 de
2600 3750 2833 3821 erditas

429 3814 732 3919 1¹¹¹²P⁸0⁸t⁰ff
751 3824 1014 3887 Asconii
1071 3836 1292 3911 partes
1360 3848 1605 3913 magno
1664 3830 1783 3891 Dei
1804 3768 2137 3895 ‘beneficio
2189 3829 2523 3916 deprehen
2568 3834 2833 3896 erimus·

725 3908 1120 3994 'Quumque
1157 3910 1238 3972 ad
1275 3908 1392 3972 IX.
1435 3922 1701 3975 tantum
1745 3913 1951 3976 Tullii
1997 3915 2324 3979 orationes
2360 3920 2833 3980 commentario

753 3994 1013 4058 Asconii
1040 4005 1419 4074 uteremur,
1464 4018 1643 4062 nunc
1670 3998 1803 4063 iam
1832 3998 2010 4065 XVI.
2044 3999 2127 4065 ab
2156 4021 2233 4062 eo
2264 3998 2629 4063 illustratas
2662 4000 2833 4087 lega-

807 4194 911 4259 29)
949 4202 973 4235 *¹
991 4194 1076 4248 cf.
1100 4194 1252 4250 infra
1277 4196 1565 4253 annotatio
1596 4196 1669 4253 ad
1758 4212 2037 4259 comment.
2068 4202 2134 4258 de
2162 4202 2247 4259 ed.
2263 4204 2443 4275 princ.
2470 4204 2701 4259 Mediol.
2734 4206 2785 4260 5.
