<?xml version="1.0" encoding="UTF-8"?>
<!DOCTYPE html PUBLIC "-//W3C//DTD XHTML 1.0 Transitional//EN"
    "http://www.w3.org/TR/xhtml1/DTD/xhtml1-transitional.dtd">
<html xmlns="http://www.w3.org/1999/xhtml" xml:lang="en" lang="en">
 <head>
  <title>
</title>
<meta http-equiv="Content-Type" content="text/html;charset=utf-8" />
  <meta name='ocr-system' content='tesseract 3.04.00' />
  <meta name='ocr-capabilities' content='ocr_page ocr_carea ocr_par ocr_line ocrx_word'/>
</head>
<body>
  <div class='ocr_page' id='page_1' title='image "./mtulliciceronis00ambrgoog_0026.png"; bbox 0 0 2859 4617; ppageno 0'>
   <div class='ocr_carea' id='block_1_1' title="bbox 416 278 2167 385">
    <p class='ocr_par' dir='ltr' id='par_1_1' title="bbox 416 278 2167 385">
     <span class='ocr_line' id='line_1_1' title="bbox 416 278 2167 385; baseline -0.002 -2"><span class='ocrx_word' id='word_1_1' title='bbox 416 336 424 347; x_wconf 71' lang='lat'>=</span> <span class='ocrx_word' id='word_1_2' title='bbox 542 332 782 385; x_wconf 64' lang='lat' dir='ltr'><strong>‚mm</strong></span> <span class='ocrx_word' id='word_1_3' title='bbox 1015 278 2167 383; x_wconf 75' lang='lat' dir='ltr'>&#39;PRINCIPISEDITIONIS</span> 
     </span>
    </p>
   </div>
   <div class='ocr_carea' id='block_1_2' title="bbox 461 476 2657 3081">
    <p class='ocr_par' dir='ltr' id='par_1_2' title="bbox 461 476 2657 3081">
     <span class='ocr_line' id='line_1_2' title="bbox 594 476 2631 554; baseline -0.002 -3"><span class='ocrx_word' id='word_1_4' title='bbox 594 504 680 551; x_wconf 90' lang='lat' dir='ltr'><strong>ue</strong></span> <span class='ocrx_word' id='word_1_5' title='bbox 705 484 882 549; x_wconf 83' lang='lat' dir='ltr'><strong>enim</strong></span> <span class='ocrx_word' id='word_1_6' title='bbox 915 484 1288 551; x_wconf 79' lang='lat' dir='ltr'><strong>orationem</strong></span> <span class='ocrx_word' id='word_1_7' title='bbox 1311 483 1787 554; x_wconf 81' lang='lat' dir='ltr'><strong>tantummodo</strong></span> <span class='ocrx_word' id='word_1_8' title='bbox 1814 481 1911 549; x_wconf 90' lang='lat' dir='ltr'><strong>IN</strong></span> <span class='ocrx_word' id='word_1_9' title='bbox 1945 483 2017 549; x_wconf 87' lang='grc' dir='ltr'><strong>Ρ.</strong></span> <span class='ocrx_word' id='word_1_10' title='bbox 2058 478 2465 551; x_wconf 84' lang='lat' dir='ltr'><strong>CLODIU&#39;M</strong></span> <span class='ocrx_word' id='word_1_11' title='bbox 2504 476 2631 547; x_wconf 87' lang='grc' dir='ltr'><strong>ΕΤ</strong></span> 
     </span>
     <span class='ocr_line' id='line_1_3' title="bbox 603 559 2633 657; baseline -0.001 -24"><span class='ocrx_word' id='word_1_12' title='bbox 603 559 886 633; x_wconf 84' lang='lat' dir='ltr'>URION</span> <span class='ocrx_word' id='word_1_13' title='bbox 889 568 1018 632; x_wconf 89' lang='lat' dir='ltr'><strong>EM</strong></span> <span class='ocrx_word' id='word_1_14' title='bbox 1051 570 1402 637; x_wconf 83' lang='lat' dir='ltr'><strong>manifesto</strong></span> <span class='ocrx_word' id='word_1_15' title='bbox 1440 573 1665 637; x_wconf 81' lang='lat' dir='ltr'><strong>detexi</strong></span> <span class='ocrx_word' id='word_1_16' title='bbox 1690 568 1807 657; x_wconf 80' lang='lat'><strong>3),</strong></span> <span class='ocrx_word' id='word_1_17' title='bbox 1872 568 1984 633; x_wconf 85' lang='lat' dir='ltr'><strong>sed</strong></span> <span class='ocrx_word' id='word_1_18' title='bbox 2014 566 2210 633; x_wconf 84' lang='lat' dir='ltr'><strong>aliam</strong></span> <span class='ocrx_word' id='word_1_19' title='bbox 2244 566 2363 631; x_wconf 89' lang='lat' dir='ltr'><strong>DE</strong></span> <span class='ocrx_word' id='word_1_20' title='bbox 2396 565 2633 632; x_wconf 83' lang='lat' dir='ltr'><strong>AERE</strong></span> 
     </span>
     <span class='ocr_line' id='line_1_4' title="bbox 545 651 2634 740; baseline -0 -25"><span class='ocrx_word' id='word_1_21' title='bbox 545 652 869 716; x_wconf 81' lang='lat' dir='ltr'><strong>ALIENO</strong></span> <span class='ocrx_word' id='word_1_22' title='bbox 909 652 1194 716; x_wconf 84' lang='lat' dir='ltr'>MILON</span> <span class='ocrx_word' id='word_1_23' title='bbox 1197 653 1274 717; x_wconf 92' lang='lat' dir='ltr'><strong>IS</strong></span> <span class='ocrx_word' id='word_1_24' title='bbox 1313 676 1691 740; x_wconf 87' lang='lat' dir='ltr'><strong>numquam</strong></span> <span class='ocrx_word' id='word_1_25' title='bbox 1733 664 1939 730; x_wconf 89' lang='lat' dir='ltr'><strong>antea,</strong></span> <span class='ocrx_word' id='word_1_26' title='bbox 2032 653 2166 716; x_wconf 89' lang='lat' dir='ltr'><strong>uod</strong></span> <span class='ocrx_word' id='word_1_27' title='bbox 2193 652 2413 727; x_wconf 89' lang='lat' dir='ltr'><strong>sciam,</strong></span> <span class='ocrx_word' id='word_1_28' title='bbox 2456 651 2634 714; x_wconf 85' lang='lat' dir='ltr'><strong>inter</strong></span> 
     </span>
     <span class='ocr_line' id='line_1_5' title="bbox 548 734 2635 811; baseline -0.001 -11"><span class='ocrx_word' id='word_1_29' title='bbox 548 736 841 804; x_wconf 72' lang='lat' dir='ltr'><strong>eruditos</strong></span> <span class='ocrx_word' id='word_1_30' title='bbox 871 737 1196 801; x_wconf 79' lang='lat' dir='ltr'><strong>auditam:</strong></span> <span class='ocrx_word' id='word_1_31' title='bbox 1240 750 1391 801; x_wconf 88' lang='lat' dir='ltr'><strong>tum</strong></span> <span class='ocrx_word' id='word_1_32' title='bbox 1427 738 1625 801; x_wconf 85' lang='lat' dir='ltr'><strong>aliam</strong></span> <span class='ocrx_word' id='word_1_33' title='bbox 1668 738 1786 803; x_wconf 88' lang='lat' dir='ltr'><strong>DE</strong></span> <span class='ocrx_word' id='word_1_34' title='bbox 1818 736 1997 801; x_wconf 90' lang='lat' dir='ltr'><strong>REG</strong></span> <span class='ocrx_word' id='word_1_35' title='bbox 2030 778 2053 801; x_wconf 71' lang='lat' dir='ltr'><em>A</em></span> <span class='ocrx_word' id='word_1_36' title='bbox 2082 734 2635 811; x_wconf 46' lang='lat' dir='ltr'><strong>ALEXANDfflss</strong></span> 
     </span>
     <span class='ocr_line' id='line_1_6' title="bbox 548 820 2633 907; baseline -0.001 -24"><span class='ocrx_word' id='word_1_37' title='bbox 548 820 694 897; x_wconf 74' lang='lat' dir='ltr'><strong>Nc),</strong></span> <span class='ocrx_word' id='word_1_38' title='bbox 723 842 880 886; x_wconf 82' lang='lat' dir='ltr'><strong>cum</strong></span> <span class='ocrx_word' id='word_1_39' title='bbox 910 823 1180 907; x_wconf 86' lang='lat' dir='ltr'><strong>optimis</strong></span> <span class='ocrx_word' id='word_1_40' title='bbox 1197 822 1278 905; x_wconf 86' lang='lat' dir='ltr'><strong>ad</strong></span> <span class='ocrx_word' id='word_1_41' title='bbox 1304 821 1422 885; x_wconf 86' lang='lat' dir='ltr'><strong>has</strong></span> <span class='ocrx_word' id='word_1_42' title='bbox 1440 822 1950 886; x_wconf 87' lang='lat' dir='ltr'><strong>commentariis.</strong></span> <span class='ocrx_word' id='word_1_43' title='bbox 1992 822 2251 885; x_wconf 82' lang='lat' dir='ltr'><strong>Rursus</strong></span> <span class='ocrx_word' id='word_1_44' title='bbox 2278 836 2633 883; x_wconf 85' lang='lat' dir='ltr'><strong>commen—</strong></span> 
     </span>
     <span class='ocr_line' id='line_1_7' title="bbox 548 904 2633 991; baseline 0.001 -24"><span class='ocrx_word' id='word_1_45' title='bbox 548 904 752 969; x_wconf 68' lang='lat' dir='ltr'><strong>tarios</strong></span> <span class='ocrx_word' id='word_1_46' title='bbox 793 905 1086 969; x_wconf 86' lang='lat' dir='ltr'><strong>eiusdem</strong></span> <span class='ocrx_word' id='word_1_47' title='bbox 1133 905 1306 969; x_wconf 82' lang='lat' dir='ltr'><strong>[nter</strong></span> <span class='ocrx_word' id='word_1_48' title='bbox 1357 907 1511 969; x_wconf 84' lang='lat' dir='ltr'><strong>retis</strong></span> <span class='ocrx_word' id='word_1_49' title='bbox 1538 928 1731 991; x_wconf 87' lang='lat' dir='ltr'><strong>saepe</strong></span> <span class='ocrx_word' id='word_1_50' title='bbox 1770 927 1879 968; x_wconf 84' lang='lat' dir='ltr'><strong>am</strong></span> <span class='ocrx_word' id='word_1_51' title='bbox 1928 905 2213 967; x_wconf 80' lang='lat' dir='ltr'><strong>lissimos</strong></span> <span class='ocrx_word' id='word_1_52' title='bbox 2259 904 2341 967; x_wconf 86' lang='lat' dir='ltr'><strong>ad</strong></span> <span class='ocrx_word' id='word_1_53' title='bbox 2372 904 2633 969; x_wconf 77' lang='lat' dir='ltr'><strong>oratio-</strong></span> 
     </span>
     <span class='ocr_line' id='line_1_8' title="bbox 548 986 2631 1067; baseline -0.001 -16"><span class='ocrx_word' id='word_1_54' title='bbox 548 1008 666 1052; x_wconf 79' lang='lat' dir='ltr'><strong>nes</strong></span> <span class='ocrx_word' id='word_1_55' title='bbox 699 988 900 1056; x_wconf 79' lang='lat' dir='ltr'><strong>editas</strong></span> <span class='ocrx_word' id='word_1_56' title='bbox 927 990 1258 1053; x_wconf 79' lang='lat' dir='ltr'><strong>Ciceronis</strong></span> <span class='ocrx_word' id='word_1_57' title='bbox 1339 990 1457 1052; x_wconf 91' lang='lat' dir='ltr'><strong>RO</strong></span> <span class='ocrx_word' id='word_1_58' title='bbox 1488 989 1844 1067; x_wconf 88' lang='lat' dir='ltr'>ARCHIA,</span> <span class='ocrx_word' id='word_1_59' title='bbox 1939 988 2059 1053; x_wconf 84' lang='lat' dir='ltr'><strong>Ro</strong></span> <span class='ocrx_word' id='word_1_60' title='bbox 2100 987 2411 1065; x_wconf 85' lang='lat' dir='ltr'><strong>SYLLA,</strong></span> <span class='ocrx_word' id='word_1_61' title='bbox 2455 986 2631 1050; x_wconf 86' lang='lat' dir='ltr'><strong>PRO</strong></span> 
     </span>
     <span class='ocr_line' id='line_1_9' title="bbox 547 1070 2636 1159; baseline -0.001 -24"><span class='ocrx_word' id='word_1_62' title='bbox 547 1072 946 1150; x_wconf 83' lang='lat' dir='ltr'><strong>PLANCIO,</strong></span> <span class='ocrx_word' id='word_1_63' title='bbox 977 1072 1070 1135; x_wconf 92' lang='lat' dir='ltr'><strong>IN</strong></span> <span class='ocrx_word' id='word_1_64' title='bbox 1095 1072 1567 1138; x_wconf 81' lang='lat' dir='ltr'><strong>VATINIUM.</strong></span> <span class='ocrx_word' id='word_1_65' title='bbox 1610 1074 1801 1151; x_wconf 86' lang='lat' dir='ltr'><strong>Haec,</strong></span> <span class='ocrx_word' id='word_1_66' title='bbox 1814 1074 2110 1159; x_wconf 86' lang='lat' dir='ltr'><strong>inquam,</strong></span> <span class='ocrx_word' id='word_1_67' title='bbox 2126 1072 2349 1136; x_wconf 85' lang='lat' dir='ltr'><strong>omnia</strong></span> <span class='ocrx_word' id='word_1_68' title='bbox 2377 1070 2636 1155; x_wconf 81' lang='lat' dir='ltr'><strong>aliquot</strong></span> 
     </span>
     <span class='ocr_line' id='line_1_10' title="bbox 461 1155 2642 1243; baseline 0 -24"><span class='ocrx_word' id='word_1_69' title='bbox 461 1164 472 1175; x_wconf 82' lang='grc'><em>“</em></span> <span class='ocrx_word' id='word_1_70' title='bbox 549 1157 886 1219; x_wconf 84' lang='lat' dir='ltr'><strong>mensium</strong></span> <span class='ocrx_word' id='word_1_71' title='bbox 925 1156 1156 1221; x_wconf 89' lang='lat' dir='ltr'><strong>labore</strong></span> <span class='ocrx_word' id='word_1_72' title='bbox 1185 1156 1503 1243; x_wconf 81' lang='lat' dir='ltr'><strong>improbo</strong></span> <span class='ocrx_word' id='word_1_73' title='bbox 1544 1158 1943 1243; x_wconf 66' lang='lat' dir='ltr'><strong>adaequatus</strong></span> <span class='ocrx_word' id='word_1_74' title='bbox 1987 1178 2162 1220; x_wconf 87' lang='lat' dir='ltr'><strong>sum.</strong></span> <span class='ocrx_word' id='word_1_75' title='bbox 2248 1155 2487 1235; x_wconf 87' lang='lat' dir='ltr'><strong>Quum</strong></span> <span class='ocrx_word' id='word_1_76' title='bbox 2514 1176 2642 1219; x_wconf 85' lang='lat' dir='ltr'><strong>au-</strong></span> 
     </span>
     <span class='ocr_line' id='line_1_11' title="bbox 527 1239 2639 1329; baseline 0 -28"><span class='ocrx_word' id='word_1_77' title='bbox 527 1249 696 1303; x_wconf 24' lang='lat' dir='ltr'><strong>vtem</strong></span> <span class='ocrx_word' id='word_1_78' title='bbox 741 1239 1073 1305; x_wconf 83' lang='lat' dir='ltr'><strong>infinitam</strong></span> <span class='ocrx_word' id='word_1_79' title='bbox 1110 1260 1334 1328; x_wconf 82' lang='lat' dir='ltr'><strong>prope</strong></span> <span class='ocrx_word' id='word_1_80' title='bbox 1359 1242 1711 1307; x_wconf 73' lang='lat' dir='ltr'><strong>materiam</strong></span> <span class='ocrx_word' id='word_1_81' title='bbox 1734 1241 1890 1306; x_wconf 86' lang='lat' dir='ltr'><strong>rudi</strong></span> <span class='ocrx_word' id='word_1_82' title='bbox 1918 1260 2120 1329; x_wconf 90' lang='lat' dir='ltr'><strong>opere</strong></span> <span class='ocrx_word' id='word_1_83' title='bbox 2147 1241 2639 1327; x_wconf 57' lang='lat' dir='ltr'><strong>›congessissem‚-</strong></span> 
     </span>
     <span class='ocr_line' id='line_1_12' title="bbox 551 1322 2640 1412; baseline -0.001 -23"><span class='ocrx_word' id='word_1_84' title='bbox 551 1323 624 1389; x_wconf 84' lang='lat' dir='ltr'><strong>id</strong></span> <span class='ocrx_word' id='word_1_85' title='bbox 647 1322 818 1387; x_wconf 80' lang='lat' dir='ltr'><strong>mihi</strong></span> <span class='ocrx_word' id='word_1_86' title='bbox 837 1324 1076 1389; x_wconf 83' lang='lat' dir='ltr'><strong>scilicet</strong></span> <span class='ocrx_word' id='word_1_87' title='bbox 1107 1324 1479 1389; x_wconf 81' lang='lat' dir='ltr'><strong>curandum</strong></span> <span class='ocrx_word' id='word_1_88' title='bbox 1516 1325 1649 1397; x_wconf 83' lang='lat' dir='ltr'><strong>fuit</strong></span> <span class='ocrx_word' id='word_1_89' title='bbox 1661 1374 1682 1406; x_wconf 92' lang='lat'><strong>,</strong></span> <span class='ocrx_word' id='word_1_90' title='bbox 1726 1336 1805 1389; x_wconf 91' lang='lat' dir='ltr'><strong>ut</strong></span> <span class='ocrx_word' id='word_1_91' title='bbox 1829 1328 1904 1389; x_wconf 89' lang='lat' dir='ltr'><strong>in</strong></span> <span class='ocrx_word' id='word_1_92' title='bbox 1933 1346 2081 1389; x_wconf 84' lang='lat' dir='ltr'><strong>suas</strong></span> <span class='ocrx_word' id='word_1_93' title='bbox 2111 1343 2410 1412; x_wconf 88' lang='lat' dir='ltr'><strong>quaeque</strong></span> <span class='ocrx_word' id='word_1_94' title='bbox 2436 1322 2640 1403; x_wconf 70' lang='lat' dir='ltr'><strong>sedeS,</strong></span> 
     </span>
     <span class='ocr_line' id='line_1_13' title="bbox 553 1408 2642 1493; baseline 0 -22"><span class='ocrx_word' id='word_1_95' title='bbox 553 1428 596 1471; x_wconf 81' lang='lat' dir='ltr'><strong>e</strong></span> <span class='ocrx_word' id='word_1_96' title='bbox 627 1408 868 1493; x_wconf 82' lang='lat' dir='ltr'><strong>quibus</strong></span> <span class='ocrx_word' id='word_1_97' title='bbox 899 1410 1260 1493; x_wconf 82' lang='lat' dir='ltr'><strong>antiquitus</strong></span> <span class='ocrx_word' id='word_1_98' title='bbox 1283 1421 1471 1474; x_wconf 86' lang='lat' dir='ltr'><strong>erant</strong></span> <span class='ocrx_word' id='word_1_99' title='bbox 1498 1421 1858 1489; x_wconf 88' lang='lat' dir='ltr'><strong>commota,</strong></span> <span class='ocrx_word' id='word_1_100' title='bbox 1898 1411 2340 1475; x_wconf 79' lang='lat' dir='ltr'><strong>restituerem.</strong></span> <span class='ocrx_word' id='word_1_101' title='bbox 2420 1408 2489 1471; x_wconf 93' lang='lat' dir='ltr'>N</span> <span class='ocrx_word' id='word_1_102' title='bbox 2490 1430 2642 1471; x_wconf 91' lang='lat' dir='ltr'><strong>am-</strong></span> 
     </span>
     <span class='ocr_line' id='line_1_14' title="bbox 551 1490 2643 1581; baseline -0 -26"><span class='ocrx_word' id='word_1_103' title='bbox 551 1512 694 1578; x_wconf 82' lang='lat' dir='ltr'><strong>que</strong></span> <span class='ocrx_word' id='word_1_104' title='bbox 727 1492 783 1555; x_wconf 92' lang='lat' dir='ltr'><strong>is</strong></span> <span class='ocrx_word' id='word_1_105' title='bbox 817 1493 934 1580; x_wconf 88' lang='lat' dir='ltr'><strong>qui</strong></span> <span class='ocrx_word' id='word_1_106' title='bbox 973 1494 1265 1558; x_wconf 76' lang='lat' dir='ltr'>codicem</span> <span class='ocrx_word' id='word_1_107' title='bbox 1305 1494 1555 1559; x_wconf 85' lang='lat' dir='ltr'><strong>iterum</strong></span> <span class='ocrx_word' id='word_1_108' title='bbox 1594 1495 1855 1581; x_wconf 75' lang='lat' dir='ltr'><strong>scripsit</strong></span> <span class='ocrx_word' id='word_1_109' title='bbox 1867 1539 1888 1573; x_wconf 91' lang='lat'><strong>,</strong></span> <span class='ocrx_word' id='word_1_110' title='bbox 1944 1492 2317 1557; x_wconf 73' lang='lat' dir='ltr'><strong>incredibili</strong></span> <span class='ocrx_word' id='word_1_111' title='bbox 2354 1490 2643 1577; x_wconf 84' lang='lat' dir='ltr'><strong>quadam</strong></span> 
     </span>
     <span class='ocr_line' id='line_1_15' title="bbox 553 1576 2643 1665; baseline -0 -25"><span class='ocrx_word' id='word_1_112' title='bbox 553 1576 1065 1665; x_wconf 68' lang='lat' dir='ltr'><strong>perturbatione</strong></span> <span class='ocrx_word' id='word_1_113' title='bbox 1091 1577 1255 1643; x_wconf 82' lang='lat' dir='ltr'><strong>folia</strong></span> <span class='ocrx_word' id='word_1_114' title='bbox 1283 1589 1517 1642; x_wconf 85' lang='lat' dir='ltr'><strong>cuncta</strong></span> <span class='ocrx_word' id='word_1_115' title='bbox 1544 1578 1999 1657; x_wconf 89' lang='lat' dir='ltr'><strong>commiscuit,</strong></span> <span class='ocrx_word' id='word_1_116' title='bbox 2041 1578 2483 1663; x_wconf 72' lang='lat' dir='ltr'><strong>materiaeque</strong></span> <span class='ocrx_word' id='word_1_117' title='bbox 2522 1598 2643 1639; x_wconf 88' lang='lat' dir='ltr'><strong>or-</strong></span> 
     </span>
     <span class='ocr_line' id='line_1_16' title="bbox 557 1661 2645 1746; baseline -0.001 -20"><span class='ocrx_word' id='word_1_118' title='bbox 557 1663 783 1726; x_wconf 75' lang='lat' dir='ltr'><strong>dinem</strong></span> <span class='ocrx_word' id='word_1_119' title='bbox 837 1662 920 1726; x_wconf 89' lang='lat' dir='ltr'><strong>de</strong></span> <span class='ocrx_word' id='word_1_120' title='bbox 972 1661 1146 1727; x_wconf 90' lang='lat' dir='ltr'><strong>libro</strong></span> <span class='ocrx_word' id='word_1_121' title='bbox 1191 1662 1499 1727; x_wconf 82' lang='lat' dir='ltr'><strong>funditus</strong></span> <span class='ocrx_word' id='word_1_122' title='bbox 1534 1662 1819 1727; x_wconf 81' lang='lat' dir='ltr'><strong>sustulit.</strong></span> <span class='ocrx_word' id='word_1_123' title='bbox 1904 1661 2311 1725; x_wconf 81' lang='lat' dir='ltr'><strong>Accedebant</strong></span> <span class='ocrx_word' id='word_1_124' title='bbox 2348 1662 2645 1746; x_wconf 85' lang='lat' dir='ltr'><strong>ingentes</strong></span> 
     </span>
     <span class='ocr_line' id='line_1_17' title="bbox 555 1742 2649 1843; baseline -0.001 -33"><span class='ocrx_word' id='word_1_125' title='bbox 555 1742 857 1824; x_wconf 72' lang='lat' dir='ltr'><strong>lacunae,</strong></span> <span class='ocrx_word' id='word_1_126' title='bbox 910 1745 1043 1809; x_wconf 86' lang='lat' dir='ltr'><strong>loci</strong></span> <span class='ocrx_word' id='word_1_127' title='bbox 1087 1742 1411 1824; x_wconf 76' lang='lat' dir='ltr'><strong>difficiles,</strong></span> <span class='ocrx_word' id='word_1_128' title='bbox 1464 1745 1707 1809; x_wconf 85' lang='lat' dir='ltr'><strong>menda</strong></span> <span class='ocrx_word' id='word_1_129' title='bbox 1746 1745 2244 1843; x_wconf 84' lang='lat' dir='ltr'><strong>quamplurima</strong></span> <span class='ocrx_word' id='word_1_130' title='bbox 2257 1770 2285 1808; x_wconf 71' lang='lat'><strong>2·</strong></span> <span class='ocrx_word' id='word_1_131' title='bbox 2329 1745 2649 1830; x_wconf 87' lang='lat' dir='ltr'><strong>quodque</strong></span> 
     </span>
     <span class='ocr_line' id='line_1_18' title="bbox 554 1828 2649 1916; baseline -0.001 -23"><span class='ocrx_word' id='word_1_132' title='bbox 554 1852 634 1893; x_wconf 52' lang='lat' dir='ltr'><strong>&gt;ca</strong></span> <span class='ocrx_word' id='word_1_133' title='bbox 683 1840 762 1891; x_wconf 90' lang='lat' dir='ltr'><strong>ut</strong></span> <span class='ocrx_word' id='word_1_134' title='bbox 799 1839 929 1907; x_wconf 87' lang='lat' dir='ltr'><strong>est,</strong></span> <span class='ocrx_word' id='word_1_135' title='bbox 965 1850 1140 1893; x_wconf 81' lang='lat' dir='ltr'><strong>nova</strong></span> <span class='ocrx_word' id='word_1_136' title='bbox 1169 1828 1495 1916; x_wconf 81' lang='lat' dir='ltr'><strong>scriptura</strong></span> <span class='ocrx_word' id='word_1_137' title='bbox 1520 1829 1727 1893; x_wconf 80' lang='lat' dir='ltr'><strong>veteri</strong></span> <span class='ocrx_word' id='word_1_138' title='bbox 1750 1840 2117 1914; x_wconf 75' lang='lat' dir='ltr'><strong>superiecta</strong></span> <span class='ocrx_word' id='word_1_139' title='bbox 2144 1840 2407 1893; x_wconf 79' lang='lat' dir='ltr'><strong>tantum</strong></span> <span class='ocrx_word' id='word_1_140' title='bbox 2433 1828 2649 1892; x_wconf 88' lang='lat' dir='ltr'><strong>faces-</strong></span> 
     </span>
     <span class='ocr_line' id='line_1_19' title="bbox 559 1850 2649 1997; baseline 0 -22"><span class='ocrx_word' id='word_1_141' title='bbox 559 1850 743 1975; x_wconf 41' lang='lat' dir='ltr'><strong>soleat</strong></span> <span class='ocrx_word' id='word_1_142' title='bbox 777 1913 1128 1997; x_wconf 86' lang='lat' dir='ltr'><strong>negotium</strong></span> <span class='ocrx_word' id='word_1_143' title='bbox 1143 1958 1162 1989; x_wconf 93' lang='lat'><strong>,</strong></span> <span class='ocrx_word' id='word_1_144' title='bbox 1205 1923 1284 1974; x_wconf 87' lang='lat' dir='ltr'><strong>ut</strong></span> <span class='ocrx_word' id='word_1_145' title='bbox 1323 1912 1731 1975; x_wconf 82' lang='lat' dir='ltr'><strong>iracundiam</strong></span> <span class='ocrx_word' id='word_1_146' title='bbox 1762 1935 1835 1977; x_wconf 88' lang='lat' dir='ltr'><strong>ac</strong></span> <span class='ocrx_word' id='word_1_147' title='bbox 1859 1912 2283 1977; x_wconf 87' lang='lat' dir='ltr'><strong>stomachum</strong></span> <span class='ocrx_word' id='word_1_148' title='bbox 2310 1914 2382 1977; x_wconf 89' lang='lat' dir='ltr'><strong>in</strong></span> <span class='ocrx_word' id='word_1_149' title='bbox 2410 1912 2649 1976; x_wconf 89' lang='lat' dir='ltr'><strong>absur-</strong></span> 
     </span>
     <span class='ocr_line' id='line_1_20' title="bbox 561 1994 2650 2082; baseline -0 -21"><span class='ocrx_word' id='word_1_150' title='bbox 561 1996 914 2061; x_wconf 82' lang='lat' dir='ltr'><strong>dissimum</strong></span> <span class='ocrx_word' id='word_1_151' title='bbox 943 1996 1179 2059; x_wconf 84' lang='lat' dir='ltr'><strong>codicis</strong></span> <span class='ocrx_word' id='word_1_152' title='bbox 1209 2006 1683 2082; x_wconf 86' lang='lat' dir='ltr'><strong>corruptorem</strong></span> <span class='ocrx_word' id='word_1_153' title='bbox 1710 1997 1829 2062; x_wconf 75' lang='lat' dir='ltr'><strong>vix</strong></span> <span class='ocrx_word' id='word_1_154' title='bbox 1854 1998 2282 2063; x_wconf 87' lang='lat' dir='ltr'><strong>continerem.</strong></span> <span class='ocrx_word' id='word_1_155' title='bbox 2353 1997 2539 2061; x_wconf 88' lang='lat' dir='ltr'><strong>Tum</strong></span> <span class='ocrx_word' id='word_1_156' title='bbox 2567 1994 2650 2060; x_wconf 89' lang='lat' dir='ltr'><strong>ad</strong></span> 
     </span>
     <span class='ocr_line' id='line_1_21' title="bbox 476 2080 2649 2177; baseline 0 -32"><span class='ocrx_word' id='word_1_157' title='bbox 476 2117 480 2124; x_wconf 93' lang='lat'>·</span> <span class='ocrx_word' id='word_1_158' title='bbox 563 2091 949 2145; x_wconf 81' lang='lat' dir='ltr'><strong>extremum</strong></span> <span class='ocrx_word' id='word_1_159' title='bbox 993 2080 1292 2143; x_wconf 85' lang='lat' dir='ltr'><strong>ordinata</strong></span> <span class='ocrx_word' id='word_1_160' title='bbox 1329 2080 1608 2144; x_wconf 71' lang='lat' dir='ltr'><strong>materia</strong></span> <span class='ocrx_word' id='word_1_161' title='bbox 1625 2126 1644 2159; x_wconf 93' lang='lat'><strong>,</strong></span> <span class='ocrx_word' id='word_1_162' title='bbox 1690 2102 1905 2177; x_wconf 87' lang='lat' dir='ltr'><strong>quum</strong></span> <span class='ocrx_word' id='word_1_163' title='bbox 1937 2082 2075 2145; x_wconf 90' lang='lat' dir='ltr'><strong>eius</strong></span> <span class='ocrx_word' id='word_1_164' title='bbox 2098 2081 2649 2168; x_wconf 81' lang='lat' dir='ltr'><strong>magnitudinem,</strong></span> 
     </span>
     <span class='ocr_line' id='line_1_22' title="bbox 563 2159 2651 2253; baseline 0 -26"><span class='ocrx_word' id='word_1_165' title='bbox 563 2164 1032 2252; x_wconf 62' lang='lat' dir='ltr'><strong>praestantiam</strong></span> <span class='ocrx_word' id='word_1_166' title='bbox 1051 2210 1068 2242; x_wconf 95' lang='lat'><strong>,</strong></span> <span class='ocrx_word' id='word_1_167' title='bbox 1113 2159 1673 2251; x_wconf 69' lang='lat' dir='ltr'><strong>splendoremque</strong></span> <span class='ocrx_word' id='word_1_168' title='bbox 1711 2178 2033 2247; x_wconf 77' lang='lat' dir='ltr'><strong>intuerer,</strong></span> <span class='ocrx_word' id='word_1_169' title='bbox 2074 2165 2290 2230; x_wconf 85' lang='lat' dir='ltr'><strong>facere</strong></span> <span class='ocrx_word' id='word_1_170' title='bbox 2335 2186 2476 2229; x_wconf 86' lang='lat' dir='ltr'><strong>non</strong></span> <span class='ocrx_word' id='word_1_171' title='bbox 2514 2188 2651 2253; x_wconf 89' lang='lat' dir='ltr'><strong>po—</strong></span> 
     </span>
     <span class='ocr_line' id='line_1_23' title="bbox 561 2249 2651 2335; baseline 0 -23"><span class='ocrx_word' id='word_1_172' title='bbox 561 2260 780 2312; x_wconf 81' lang='lat' dir='ltr'><strong>teram</strong></span> <span class='ocrx_word' id='word_1_173' title='bbox 813 2249 978 2335; x_wconf 88' lang='lat' dir='ltr'><strong>quin</strong></span> <span class='ocrx_word' id='word_1_174' title='bbox 1015 2266 1171 2312; x_wconf 84' lang='lat' dir='ltr'><strong>eum</strong></span> <span class='ocrx_word' id='word_1_175' title='bbox 1203 2249 1767 2335; x_wconf 83' lang='lat' dir='ltr'><strong>sapientissimum</strong></span> <span class='ocrx_word' id='word_1_176' title='bbox 1792 2251 2017 2315; x_wconf 82' lang='lat' dir='ltr'><strong>virum</strong></span> <span class='ocrx_word' id='word_1_177' title='bbox 2048 2250 2330 2313; x_wconf 87' lang='lat' dir='ltr'><strong>summis</strong></span> <span class='ocrx_word' id='word_1_178' title='bbox 2358 2250 2651 2313; x_wconf 84' lang='lat' dir='ltr'><strong>iteratis-</strong></span> 
     </span>
     <span class='ocr_line' id='line_1_24' title="bbox 615 2332 2653 2421; baseline -0 -24"><span class='ocrx_word' id='word_1_179' title='bbox 615 2349 700 2399; x_wconf 82' lang='lat' dir='ltr'><strong>ue</strong></span> <span class='ocrx_word' id='word_1_180' title='bbox 741 2332 1046 2397; x_wconf 78' lang='lat' dir='ltr'><strong>laudibus</strong></span> <span class='ocrx_word' id='word_1_181' title='bbox 1091 2333 1660 2412; x_wconf 81' lang='lat' dir='ltr'><strong>commendarem,</strong></span> <span class='ocrx_word' id='word_1_182' title='bbox 1707 2354 1744 2397; x_wconf 92' lang='lat' dir='ltr'><strong>a</strong></span> <span class='ocrx_word' id='word_1_183' title='bbox 1787 2356 1923 2421; x_wconf 89' lang='lat' dir='ltr'><strong>quo</strong></span> <span class='ocrx_word' id='word_1_184' title='bbox 1952 2346 2095 2397; x_wconf 86' lang='lat' dir='ltr'><strong>tam</strong></span> <span class='ocrx_word' id='word_1_185' title='bbox 2136 2332 2471 2421; x_wconf 86' lang='lat' dir='ltr'><strong>praeclara</strong></span> <span class='ocrx_word' id='word_1_186' title='bbox 2502 2344 2653 2396; x_wconf 84' lang='lat' dir='ltr'><strong>stu-</strong></span> 
     </span>
     <span class='ocr_line' id='line_1_25' title="bbox 618 2415 2651 2483; baseline 0 -2"><span class='ocrx_word' id='word_1_187' title='bbox 618 2418 840 2481; x_wconf 80' lang='lat' dir='ltr'><strong>‘orum</strong></span> <span class='ocrx_word' id='word_1_188' title='bbox 881 2418 1257 2483; x_wconf 85' lang='lat' dir='ltr'><strong>adiumenta</strong></span> <span class='ocrx_word' id='word_1_189' title='bbox 1295 2415 1487 2480; x_wconf 87' lang='lat' dir='ltr'><strong>nobis</strong></span> <span class='ocrx_word' id='word_1_190' title='bbox 1528 2417 1693 2481; x_wconf 87' lang='lat' dir='ltr'><strong>olim</strong></span> <span class='ocrx_word' id='word_1_191' title='bbox 1736 2440 1887 2481; x_wconf 89' lang='lat' dir='ltr'><strong>com</strong></span> <span class='ocrx_word' id='word_1_192' title='bbox 1941 2429 2117 2481; x_wconf 85' lang='lat' dir='ltr'><strong>arata</strong></span> <span class='ocrx_word' id='word_1_193' title='bbox 2156 2429 2339 2481; x_wconf 72' lang='lat' dir='ltr'><strong>suntx</strong></span> <span class='ocrx_word' id='word_1_194' title='bbox 2384 2416 2651 2481; x_wconf 84' lang='lat' dir='ltr'><strong>FEDE-</strong></span> 
     </span>
     <span class='ocr_line' id='line_1_26' title="bbox 567 2500 2652 2581; baseline 0 -15"><span class='ocrx_word' id='word_1_195' title='bbox 567 2500 860 2567; x_wconf 85' lang='lat' dir='ltr'>RIGUM</span> <span class='ocrx_word' id='word_1_196' title='bbox 909 2502 1056 2565; x_wconf 86' lang='lat' dir='ltr'><strong>dico</strong></span> <span class='ocrx_word' id='word_1_197' title='bbox 1107 2500 1675 2565; x_wconf 82' lang='lat' dir='ltr'><strong>CARDINALEM</strong></span> <span class='ocrx_word' id='word_1_198' title='bbox 1714 2502 1892 2566; x_wconf 88' lang='lat' dir='ltr'><strong>BOR</strong></span> <span class='ocrx_word' id='word_1_199' title='bbox 1949 2500 2373 2581; x_wconf 84' lang='lat' dir='ltr'><strong>OMAEUM,</strong></span> <span class='ocrx_word' id='word_1_200' title='bbox 2418 2503 2652 2566; x_wconf 83' lang='lat' dir='ltr'><strong>muni-</strong></span> 
     </span>
     <span class='ocr_line' id='line_1_27' title="bbox 565 2583 2653 2673; baseline 0 -24"><span class='ocrx_word' id='word_1_201' title='bbox 565 2586 1068 2649; x_wconf 82' lang='lat' dir='ltr'><strong>ficentissimum</strong></span> <span class='ocrx_word' id='word_1_202' title='bbox 1133 2583 1639 2651; x_wconf 75' lang='lat' dir='ltr'><strong>mediolanensis</strong></span> <span class='ocrx_word' id='word_1_203' title='bbox 1712 2586 2009 2649; x_wconf 89' lang='lat' dir='ltr'><strong>ecclesiae</strong></span> <span class='ocrx_word' id='word_1_204' title='bbox 2078 2584 2466 2673; x_wconf 85' lang='lat' dir='ltr'><strong>pontificem</strong></span> <span class='ocrx_word' id='word_1_205' title='bbox 2482 2631 2502 2663; x_wconf 92' lang='lat'><strong>,</strong></span> <span class='ocrx_word' id='word_1_206' title='bbox 2587 2598 2653 2651; x_wconf 89' lang='lat' dir='ltr'><strong>et</strong></span> 
     </span>
     <span class='ocr_line' id='line_1_28' title="bbox 567 2668 2655 2756; baseline 0.001 -23"><span class='ocrx_word' id='word_1_207' title='bbox 567 2668 878 2741; x_wconf 79' lang='lat' dir='ltr'><strong>omnium</strong></span> <span class='ocrx_word' id='word_1_208' title='bbox 943 2679 1334 2755; x_wconf 82' lang='lat' dir='ltr'><strong>temporum</strong></span> <span class='ocrx_word' id='word_1_209' title='bbox 1404 2668 1867 2739; x_wconf 86' lang='lat' dir='ltr'><strong>celebrandum</strong></span> <span class='ocrx_word' id='word_1_210' title='bbox 1928 2670 2277 2734; x_wconf 87' lang='lat' dir='ltr'><strong>memoria.</strong></span> <span class='ocrx_word' id='word_1_211' title='bbox 2380 2669 2655 2756; x_wconf 89' lang='lat' dir='ltr'><strong>Quippe</strong></span> 
     </span>
     <span class='ocr_line' id='line_1_29' title="bbox 571 2752 2655 2899; baseline 0 -82"><span class='ocrx_word' id='word_1_212' title='bbox 571 2774 790 2840; x_wconf 87' lang='lat' dir='ltr'><strong>quum</strong></span> <span class='ocrx_word' id='word_1_213' title='bbox 815 2752 1002 2816; x_wconf 79' lang='lat' dir='ltr'><strong>&#39;duos</strong></span> <span class='ocrx_word' id='word_1_214' title='bbox 1049 2753 1350 2899; x_wconf 52' lang='lat' dir='ltr'><strong>genuerit</strong></span> <span class='ocrx_word' id='word_1_215' title='bbox 1375 2752 1782 2819; x_wconf 84' lang='lat' dir='ltr'><strong>Borromaea</strong></span> <span class='ocrx_word' id='word_1_216' title='bbox 1818 2774 1973 2837; x_wconf 87' lang='lat' dir='ltr'><strong>gens</strong></span> <span class='ocrx_word' id='word_1_217' title='bbox 2002 2754 2377 2818; x_wconf 85' lang='lat' dir='ltr'><strong>verissimos</strong></span> <span class='ocrx_word' id='word_1_218' title='bbox 2404 2756 2655 2841; x_wconf 85' lang='lat' dir='ltr'><strong>patriae</strong></span> 
     </span>
     <span class='ocr_line' id='line_1_30' title="bbox 569 2835 2655 2926; baseline 0 -26"><span class='ocrx_word' id='word_1_219' title='bbox 569 2847 792 2926; x_wconf 83' lang='lat' dir='ltr'><strong>patres</strong></span> <span class='ocrx_word' id='word_1_220' title='bbox 801 2884 820 2916; x_wconf 92' lang='lat'><strong>,</strong></span> <span class='ocrx_word' id='word_1_221' title='bbox 881 2836 1050 2899; x_wconf 80' lang='lat' dir='ltr'><strong>CAR</strong></span> <span class='ocrx_word' id='word_1_222' title='bbox 1111 2835 1309 2901; x_wconf 90' lang='lat' dir='ltr'><strong>LUM</strong></span> <span class='ocrx_word' id='word_1_223' title='bbox 1365 2839 1735 2916; x_wconf 86' lang='lat' dir='ltr'><strong>sanctitate,</strong></span> <span class='ocrx_word' id='word_1_224' title='bbox 1790 2835 2307 2904; x_wconf 81' lang='lat' dir='ltr'><strong>FEDERIGUM</strong></span> <span class='ocrx_word' id='word_1_225' title='bbox 2355 2836 2655 2902; x_wconf 86' lang='lat' dir='ltr'><strong>doctrina</strong></span> 
     </span>
     <span class='ocr_line' id='line_1_31' title="bbox 573 2919 2657 3009; baseline -0.001 -23"><span class='ocrx_word' id='word_1_226' title='bbox 573 2921 904 2987; x_wconf 83' lang='lat' dir='ltr'><strong>eximium</strong></span> <span class='ocrx_word' id='word_1_227' title='bbox 918 2969 938 3001; x_wconf 83' lang='lat'>‚</span> <span class='ocrx_word' id='word_1_228' title='bbox 992 2920 1102 2983; x_wconf 84' lang='lat' dir='ltr'><strong>hic</strong></span> <span class='ocrx_word' id='word_1_229' title='bbox 1144 2919 1315 2984; x_wconf 87' lang='lat' dir='ltr'><strong>mihi</strong></span> <span class='ocrx_word' id='word_1_230' title='bbox 1351 2932 1578 2985; x_wconf 85' lang='lat' dir='ltr'><strong>tamen</strong></span> <span class='ocrx_word' id='word_1_231' title='bbox 1616 2943 1773 2987; x_wconf 83' lang='lat' dir='ltr'><strong>suae</strong></span> <span class='ocrx_word' id='word_1_232' title='bbox 1819 2922 2027 3009; x_wconf 85' lang='lat' dir='ltr'><strong>gentis</strong></span> <span class='ocrx_word' id='word_1_233' title='bbox 2064 2924 2331 2992; x_wconf 81' lang='lat' dir='ltr'><strong>videtur</strong></span> <span class='ocrx_word' id='word_1_234' title='bbox 2368 2942 2510 2986; x_wconf 86' lang='lat' dir='ltr'><strong>non</strong></span> <span class='ocrx_word' id='word_1_235' title='bbox 2548 2942 2657 2985; x_wconf 57' lang='lat' dir='ltr'><strong>sea-</strong></span> 
     </span>
     <span class='ocr_line' id='line_1_32' title="bbox 525 3004 1580 3081; baseline -0.002 -8"><span class='ocrx_word' id='word_1_236' title='bbox 525 3077 532 3081; x_wconf 60' lang='lat'><strong>,</strong></span> <span class='ocrx_word' id='word_1_237' title='bbox 567 3007 872 3073; x_wconf 85' lang='lat' dir='ltr'><strong>eundum</strong></span> <span class='ocrx_word' id='word_1_238' title='bbox 902 3005 1014 3070; x_wconf 90' lang='lat' dir='ltr'><strong>sed</strong></span> <span class='ocrx_word' id='word_1_239' title='bbox 1046 3004 1330 3069; x_wconf 88' lang='lat' dir='ltr'><strong>alterum</strong></span> <span class='ocrx_word' id='word_1_240' title='bbox 1361 3006 1580 3071; x_wconf 81' lang='lat' dir='ltr'><strong>decus.</strong></span> 
     </span>
    </p>
   </div>
   <div class='ocr_carea' id='block_1_3' title="bbox 241 3140 2735 3749">
    <p class='ocr_par' dir='ltr' id='par_1_3' title="bbox 241 3140 2735 3486">
     <span class='ocr_line' id='line_1_33' title="bbox 241 3140 2660 3237; baseline -0.005 -17"><span class='ocrx_word' id='word_1_241' title='bbox 241 3152 540 3229; x_wconf 61' lang='grc' dir='ltr'><strong>Ἑῐθέωθῖξ·</strong></span> <span class='ocrx_word' id='word_1_242' title='bbox 567 3208 574 3215; x_wconf 92' lang='grc'><strong>.</strong></span> <span class='ocrx_word' id='word_1_243' title='bbox 719 3145 826 3214; x_wconf 66' lang='grc' dir='ltr'><strong>Ὓ.</strong></span> <span class='ocrx_word' id='word_1_244' title='bbox 905 3148 972 3213; x_wconf 93' lang='lat' dir='ltr'>N</span> <span class='ocrx_word' id='word_1_245' title='bbox 971 3170 1101 3213; x_wconf 84' lang='lat' dir='ltr'><strong>unc</strong></span> <span class='ocrx_word' id='word_1_246' title='bbox 1111 3140 1142 3231; x_wconf 62' lang='lat'><strong>,&#39;</strong></span> <span class='ocrx_word' id='word_1_247' title='bbox 1175 3158 1254 3213; x_wconf 86' lang='lat' dir='ltr'><strong>ut</strong></span> <span class='ocrx_word' id='word_1_248' title='bbox 1293 3148 1505 3211; x_wconf 88' lang='lat' dir='ltr'><strong>dicam</strong></span> <span class='ocrx_word' id='word_1_249' title='bbox 1546 3147 1619 3211; x_wconf 86' lang='lat' dir='ltr'><strong>in</strong></span> <span class='ocrx_word' id='word_1_250' title='bbox 1661 3148 1899 3237; x_wconf 88' lang='lat' dir='ltr'><strong>primis</strong></span> <span class='ocrx_word' id='word_1_251' title='bbox 1924 3149 2005 3213; x_wconf 93' lang='lat' dir='ltr'><strong>de</strong></span> <span class='ocrx_word' id='word_1_252' title='bbox 2028 3167 2259 3213; x_wconf 84' lang='lat' dir='ltr'><strong>amore</strong></span> <span class='ocrx_word' id='word_1_253' title='bbox 2286 3142 2660 3229; x_wconf 84' lang='lat' dir='ltr'><strong>deliciisque</strong></span> 
     </span>
     <span class='ocr_line' id='line_1_34' title="bbox 243 3220 2659 3317; baseline -0.003 -16"><span class='ocrx_word' id='word_1_254' title='bbox 243 3230 436 3301; x_wconf 57' lang='lat' dir='ltr'><strong>toran!</strong></span> <span class='ocrx_word' id='word_1_255' title='bbox 463 3220 550 3269; x_wconf 53' lang='grc' dir='ltr'><strong>οἳ·</strong></span> <span class='ocrx_word' id='word_1_256' title='bbox 567 3233 818 3301; x_wconf 78' lang='lat' dir='ltr'><strong>nostris</strong></span> <span class='ocrx_word' id='word_1_257' title='bbox 865 3234 1205 3309; x_wconf 86' lang='lat' dir='ltr'><strong>Cicerone,</strong></span> <span class='ocrx_word' id='word_1_258' title='bbox 1251 3239 1494 3317; x_wconf 81' lang='lat' dir='ltr'><strong>quaeso</strong></span> <span class='ocrx_word' id='word_1_259' title='bbox 1538 3255 1575 3295; x_wconf 87' lang='lat' dir='ltr'><strong>a</strong></span> <span class='ocrx_word' id='word_1_260' title='bbox 1614 3232 1969 3298; x_wconf 82' lang='lat' dir='ltr'><strong>lectoribus</strong></span> <span class='ocrx_word' id='word_1_261' title='bbox 2007 3232 2172 3293; x_wconf 85' lang='lat' dir='ltr'><strong>meis</strong></span> <span class='ocrx_word' id='word_1_262' title='bbox 2212 3250 2297 3293; x_wconf 87' lang='lat' dir='ltr'><strong>ne</strong></span> <span class='ocrx_word' id='word_1_263' title='bbox 2330 3226 2501 3297; x_wconf 77' lang='lat' dir='ltr'><strong>mihi</strong></span> <span class='ocrx_word' id='word_1_264' title='bbox 2532 3250 2659 3293; x_wconf 77' lang='lat' dir='ltr'><strong>ne-</strong></span> 
     </span>
     <span class='ocr_line' id='line_1_35' title="bbox 245 3304 2659 3411; baseline -0.002 -28"><span class='ocrx_word' id='word_1_265' title='bbox 245 3304 732 3411; x_wconf 51' lang='lat' dir='ltr'><strong>cefii‘ffiffgm‘gent</strong></span> <span class='ocrx_word' id='word_1_266' title='bbox 767 3316 940 3379; x_wconf 86' lang='lat' dir='ltr'><strong>hanc</strong></span> <span class='ocrx_word' id='word_1_267' title='bbox 981 3316 1238 3379; x_wconf 82' lang='lat' dir='ltr'><strong>veniam</strong></span> <span class='ocrx_word' id='word_1_268' title='bbox 1251 3361 1272 3395; x_wconf 92' lang='lat'><strong>,</strong></span> <span class='ocrx_word' id='word_1_269' title='bbox 1317 3327 1394 3379; x_wconf 86' lang='lat' dir='ltr'><strong>ut</strong></span> <span class='ocrx_word' id='word_1_270' title='bbox 1422 3314 1711 3380; x_wconf 88' lang='lat' dir='ltr'><strong>alterum</strong></span> <span class='ocrx_word' id='word_1_271' title='bbox 1736 3316 1865 3379; x_wconf 88' lang='lat' dir='ltr'><strong>hoc</strong></span> <span class='ocrx_word' id='word_1_272' title='bbox 1894 3316 2241 3379; x_wconf 85' lang='lat' dir='ltr'><strong>inventum</strong></span> <span class='ocrx_word' id='word_1_273' title='bbox 2268 3332 2501 3386; x_wconf 83' lang='lat' dir='ltr'><strong>meum</strong></span> <span class='ocrx_word' id='word_1_274' title='bbox 2529 3312 2659 3379; x_wconf 70' lang='lat' dir='ltr'><strong>bo·-</strong></span> 
     </span>
     <span class='ocr_line' id='line_1_36' title="bbox 490 3395 2735 3486; baseline -0.004 -19"><span class='ocrx_word' id='word_1_275' title='bbox 490 3395 506 3410; x_wconf 78' lang='lat'><em>⁰</em></span> <span class='ocrx_word' id='word_1_276' title='bbox 573 3404 676 3466; x_wconf 88' lang='lat' dir='ltr'><strong>nis</strong></span> <span class='ocrx_word' id='word_1_277' title='bbox 720 3399 954 3463; x_wconf 84' lang='lat' dir='ltr'><strong>litteris</strong></span> <span class='ocrx_word' id='word_1_278' title='bbox 999 3420 1406 3486; x_wconf 87' lang='lat' dir='ltr'><strong>magnopere</strong></span> <span class='ocrx_word' id='word_1_279' title='bbox 1452 3399 1777 3485; x_wconf 84' lang='lat' dir='ltr'><strong>gratuler,</strong></span> <span class='ocrx_word' id='word_1_280' title='bbox 1836 3410 1901 3461; x_wconf 89' lang='lat' dir='ltr'><strong>et</strong></span> <span class='ocrx_word' id='word_1_281' title='bbox 1936 3398 2007 3461; x_wconf 89' lang='lat' dir='ltr'><strong>in</strong></span> <span class='ocrx_word' id='word_1_282' title='bbox 2040 3396 2249 3462; x_wconf 87' lang='lat' dir='ltr'><strong>Tullii</strong></span> <span class='ocrx_word' id='word_1_283' title='bbox 2286 3398 2656 3484; x_wconf 83' lang='lat' dir='ltr'><strong>praeconia,</strong></span> <span class='ocrx_word' id='word_1_284' title='bbox 2728 3446 2735 3454; x_wconf 90' lang='lat'><em>.</em></span> 
     </span>
    </p>

    <p class='ocr_par' dir='ltr' id='par_1_4' title="bbox 580 3482 2661 3583">
     <span class='ocr_line' id='line_1_37' title="bbox 580 3482 2661 3583; baseline -0.002 -34"><span class='ocrx_word' id='word_1_285' title='bbox 580 3506 752 3583; x_wconf 85' lang='lat' dir='ltr'><strong>quae</strong></span> <span class='ocrx_word' id='word_1_286' title='bbox 771 3482 1025 3546; x_wconf 84' lang='lat' dir='ltr'><strong>infinita</strong></span> <span class='ocrx_word' id='word_1_287' title='bbox 1051 3504 1184 3545; x_wconf 90' lang='lat' dir='ltr'><strong>esse</strong></span> <span class='ocrx_word' id='word_1_288' title='bbox 1207 3496 1512 3571; x_wconf 86' lang='lat' dir='ltr'><strong>possunt,</strong></span> <span class='ocrx_word' id='word_1_289' title='bbox 1554 3504 1789 3547; x_wconf 86' lang='lat' dir='ltr'><strong>rursus</strong></span> <span class='ocrx_word' id='word_1_290' title='bbox 1815 3502 2197 3545; x_wconf 73' lang='lat' dir='ltr'><strong>excurramz</strong></span> <span class='ocrx_word' id='word_1_291' title='bbox 2243 3482 2428 3548; x_wconf 84' lang='lat' dir='ltr'><strong>cuius</strong></span> <span class='ocrx_word' id='word_1_292' title='bbox 2454 3482 2661 3545; x_wconf 88' lang='lat' dir='ltr'><strong>diser-</strong></span> 
     </span>
    </p>

    <p class='ocr_par' dir='ltr' id='par_1_5' title="bbox 577 3566 2663 3749">
     <span class='ocr_line' id='line_1_38' title="bbox 577 3566 2659 3655; baseline -0.003 -22"><span class='ocrx_word' id='word_1_293' title='bbox 577 3568 818 3633; x_wconf 75' lang='lat' dir='ltr'><strong>tissimi</strong></span> <span class='ocrx_word' id='word_1_294' title='bbox 867 3568 992 3635; x_wconf 75' lang='lat' dir='ltr'><strong>viri</strong></span> <span class='ocrx_word' id='word_1_295' title='bbox 1033 3588 1246 3651; x_wconf 84' lang='lat' dir='ltr'><strong>quum</strong></span> <span class='ocrx_word' id='word_1_296' title='bbox 1285 3588 1509 3655; x_wconf 88' lang='lat' dir='ltr'><strong>nuper</strong></span> <span class='ocrx_word' id='word_1_297' title='bbox 1543 3578 1676 3631; x_wconf 86' lang='lat' dir='ltr'><strong>tres</strong></span> <span class='ocrx_word' id='word_1_298' title='bbox 1721 3566 2047 3631; x_wconf 88' lang='lat' dir='ltr'><strong>orationes</strong></span> <span class='ocrx_word' id='word_1_299' title='bbox 2089 3568 2338 3652; x_wconf 79' lang='lat' dir='ltr'><strong>partim</strong></span> <span class='ocrx_word' id='word_1_300' title='bbox 2383 3566 2659 3649; x_wconf 87' lang='lat' dir='ltr'><strong>omnino</strong></span> 
     </span>
     <span class='ocr_line' id='line_1_39' title="bbox 581 3648 2663 3749; baseline -0.004 -30"><span class='ocrx_word' id='word_1_301' title='bbox 581 3652 948 3741; x_wconf 77' lang='lat' dir='ltr'><strong>deperditas</strong></span> <span class='ocrx_word' id='word_1_302' title='bbox 973 3650 1135 3730; x_wconf 84' lang='lat' dir='ltr'><strong>luci,</strong></span> <span class='ocrx_word' id='word_1_303' title='bbox 1181 3664 1511 3749; x_wconf 80' lang='lat' dir='ltr'><strong>quantum</strong></span> <span class='ocrx_word' id='word_1_304' title='bbox 1535 3650 1635 3715; x_wconf 83' lang='lat' dir='ltr'><strong>fas</strong></span> <span class='ocrx_word' id='word_1_305' title='bbox 1662 3648 1823 3729; x_wconf 87' lang='lat' dir='ltr'><strong>fuit,</strong></span> <span class='ocrx_word' id='word_1_306' title='bbox 1865 3649 2372 3731; x_wconf 83' lang='lat' dir='ltr'><strong>reddiderimus,</strong></span> <span class='ocrx_word' id='word_1_307' title='bbox 2414 3650 2663 3738; x_wconf 83' lang='lat' dir='ltr'><strong>partim</strong></span> 
     </span>
    </p>
   </div>
   <div class='ocr_carea' id='block_1_4' title="bbox 580 3733 2663 3827">
    <p class='ocr_par' dir='ltr' id='par_1_6' title="bbox 580 3733 2663 3827">
     <span class='ocr_line' id='line_1_40' title="bbox 580 3733 2663 3827; baseline -0.003 -26"><span class='ocrx_word' id='word_1_308' title='bbox 580 3738 834 3803; x_wconf 77' lang='lat' dir='ltr'><strong>hiantes</strong></span> <span class='ocrx_word' id='word_1_309' title='bbox 877 3735 1360 3824; x_wconf 74' lang='lat' dir='ltr'><strong>expleverimus</strong></span> <span class='ocrx_word' id='word_1_310' title='bbox 1376 3758 1423 3813; x_wconf 75' lang='lat'><strong>3-</strong></span> <span class='ocrx_word' id='word_1_311' title='bbox 1450 3756 1633 3823; x_wconf 81' lang='lat' dir='ltr'><strong>nunc</strong></span> <span class='ocrx_word' id='word_1_312' title='bbox 1672 3735 1883 3799; x_wconf 86' lang='lat' dir='ltr'><strong>trium</strong></span> <span class='ocrx_word' id='word_1_313' title='bbox 1923 3735 2204 3801; x_wconf 78' lang='lat' dir='ltr'><strong>aliarum</strong></span> <span class='ocrx_word' id='word_1_314' title='bbox 2240 3737 2441 3827; x_wconf 85' lang='lat' dir='ltr'><strong>plane</strong></span> <span class='ocrx_word' id='word_1_315' title='bbox 2470 3733 2663 3798; x_wconf 88' lang='lat' dir='ltr'><strong>nobis</strong></span> 
     </span>
    </p>
   </div>
   <div class='ocr_carea' id='block_1_5' title="bbox 587 3900 2677 4247">
    <p class='ocr_par' dir='ltr' id='par_1_7' title="bbox 587 3900 2677 4181">
     <span class='ocr_line' id='line_1_41' title="bbox 654 3900 2667 3977; baseline -0.005 -16"><span class='ocrx_word' id='word_1_316' title='bbox 654 3906 723 3973; x_wconf 81' lang='lat'><strong>8)</strong></span> <span class='ocrx_word' id='word_1_317' title='bbox 758 3909 950 3959; x_wconf 78' lang='lat' dir='ltr'><strong>¹⁸¹Haec</strong></span> <span class='ocrx_word' id='word_1_318' title='bbox 995 3912 1212 3957; x_wconf 81' lang='lat' dir='ltr'><strong>tantum</strong></span> <span class='ocrx_word' id='word_1_319' title='bbox 1261 3904 1581 3975; x_wconf 81' lang='lat' dir='ltr'><strong>fragmenta</strong></span> <span class='ocrx_word' id='word_1_320' title='bbox 1681 3920 2047 3977; x_wconf 83' lang='lat' dir='ltr'><strong>quaecunque</strong></span> <span class='ocrx_word' id='word_1_321' title='bbox 2058 3922 2172 3958; x_wconf 88' lang='lat' dir='ltr'><strong>non</strong></span> <span class='ocrx_word' id='word_1_322' title='bbox 2194 3903 2267 3955; x_wconf 86' lang='lat' dir='ltr'><strong>ad</strong></span> <span class='ocrx_word' id='word_1_323' title='bbox 2288 3904 2436 3956; x_wconf 73' lang='lat' dir='ltr'><strong>hanc</strong></span> <span class='ocrx_word' id='word_1_324' title='bbox 2460 3900 2667 3954; x_wconf 83' lang='lat' dir='ltr'><strong>oratio-</strong></span> 
     </span>
     <span class='ocr_line' id='line_1_42' title="bbox 589 3972 2669 4045; baseline -0.002 -20"><span class='ocrx_word' id='word_1_325' title='bbox 589 3976 984 4045; x_wconf 82' lang='lat' dir='ltr'><strong>coniungenda</strong></span> <span class='ocrx_word' id='word_1_326' title='bbox 1019 3975 1270 4026; x_wconf 82' lang='lat' dir='ltr'><strong>duximus</strong></span> <span class='ocrx_word' id='word_1_327' title='bbox 1308 3990 1447 4039; x_wconf 45' lang='lat' dir='ltr'><strong>cum·</strong></span> <span class='ocrx_word' id='word_1_328' title='bbox 1464 3990 1579 4026; x_wconf 84' lang='lat' dir='ltr'><strong>uno</strong></span> <span class='ocrx_word' id='word_1_329' title='bbox 1682 3991 1815 4027; x_wconf 86' lang='lat' dir='ltr'><strong>nem</strong></span> <span class='ocrx_word' id='word_1_330' title='bbox 1860 3976 2027 4029; x_wconf 83' lang='lat' dir='ltr'><strong>simul</strong></span> <span class='ocrx_word' id='word_1_331' title='bbox 2072 3975 2163 4025; x_wconf 81' lang='lat' dir='ltr'><strong>vel</strong></span> <span class='ocrx_word' id='word_1_332' title='bbox 2211 3972 2281 4023; x_wconf 79' lang='lat' dir='ltr'><strong>ad</strong></span> <span class='ocrx_word' id='word_1_333' title='bbox 2328 3972 2669 4023; x_wconf 81' lang='lat' dir='ltr'><strong>scholiorum</strong></span> 
     </span>
     <span class='ocr_line' id='line_1_43' title="bbox 587 4038 2677 4110; baseline -0.002 -17"><span class='ocrx_word' id='word_1_334' title='bbox 587 4042 688 4093; x_wconf 85' lang='lat' dir='ltr'><strong>illo</strong></span> <span class='ocrx_word' id='word_1_335' title='bbox 715 4043 850 4093; x_wconf 74' lang='lat' dir='ltr'><strong>folio</strong></span> <span class='ocrx_word' id='word_1_336' title='bbox 880 4043 1228 4109; x_wconf 81' lang='lat' dir='ltr'><strong>Taurinensi,</strong></span> <span class='ocrx_word' id='word_1_337' title='bbox 1267 4041 1420 4110; x_wconf 81' lang='lat' dir='ltr'><strong>quod</strong></span> <span class='ocrx_word' id='word_1_338' title='bbox 1447 4045 1583 4109; x_wconf 81' lang='lat' dir='ltr'><strong>Pey-</strong></span> <span class='ocrx_word' id='word_1_339' title='bbox 1682 4046 2083 4097; x_wconf 80' lang='lat' dir='ltr'><strong>auctoritatem</strong></span> <span class='ocrx_word' id='word_1_340' title='bbox 2116 4049 2457 4109; x_wconf 73' lang='lat' dir='ltr'><strong>spectarent:</strong></span> <span class='ocrx_word' id='word_1_341' title='bbox 2506 4038 2677 4107; x_wconf 84' lang='lat' dir='ltr'><strong>idque</strong></span> 
     </span>
     <span class='ocr_line' id='line_1_44' title="bbox 589 4109 2330 4181; baseline 0 -17"><span class='ocrx_word' id='word_1_342' title='bbox 589 4110 746 4173; x_wconf 75' lang='lat' dir='ltr'><strong>renis</strong></span> <span class='ocrx_word' id='word_1_343' title='bbox 773 4110 1062 4181; x_wconf 80' lang='lat' dir='ltr'><strong>diligentia</strong></span> <span class='ocrx_word' id='word_1_344' title='bbox 1097 4112 1298 4161; x_wconf 81' lang='lat' dir='ltr'><strong>litteris</strong></span> <span class='ocrx_word' id='word_1_345' title='bbox 1321 4111 1582 4173; x_wconf 71' lang='lat' dir='ltr'><strong>restituit.</strong></span> <span class='ocrx_word' id='word_1_346' title='bbox 1686 4112 1906 4165; x_wconf 76' lang='lat' dir='ltr'><strong>lineolis</strong></span> <span class='ocrx_word' id='word_1_347' title='bbox 1944 4109 2330 4168; x_wconf 73' lang='lat' dir='ltr'><strong>indicavimus.</strong></span> 
     </span>
    </p>

    <p class='ocr_par' dir='ltr' id='par_1_8' title="bbox 591 4178 1585 4247">
     <span class='ocr_line' id='line_1_45' title="bbox 591 4178 1585 4247; baseline 0.003 -20"><span class='ocrx_word' id='word_1_348' title='bbox 591 4178 886 4230; x_wconf 86' lang='lat' dir='ltr'><strong>Omisimus</strong></span> <span class='ocrx_word' id='word_1_349' title='bbox 917 4180 1090 4236; x_wconf 76' lang='lat' dir='ltr'><strong>,etiam</strong></span> <span class='ocrx_word' id='word_1_350' title='bbox 1123 4196 1190 4229; x_wconf 87' lang='lat' dir='ltr'><strong>ex</strong></span> <span class='ocrx_word' id='word_1_351' title='bbox 1216 4178 1585 4247; x_wconf 72' lang='lat' dir='ltr'><strong>praefatione,</strong></span> 
     </span>
    </p>
   </div>
   <div class='ocr_carea' id='block_1_6' title="bbox 2815 2430 2824 2939">
    <p class='ocr_par' dir='ltr' id='par_1_9' title="bbox 2815 2430 2824 2939">
     <span class='ocr_line' id='line_1_46' title="bbox 2815 2430 2824 2939; baseline 0 0"><span class='ocrx_word' id='word_1_352' title='bbox 2815 2430 2824 2939; x_wconf 95' lang='lat' dir='ltr'><strong> </strong></span> 
     </span>
    </p>
   </div>
   <div class='ocr_carea' id='block_1_7' title="bbox 2814 3780 2826 4581">
    <p class='ocr_par' dir='ltr' id='par_1_10' title="bbox 2814 3780 2826 4581">
     <span class='ocr_line' id='line_1_47' title="bbox 2814 3780 2826 4581; baseline 0 0"><span class='ocrx_word' id='word_1_353' title='bbox 2814 3780 2826 4581; x_wconf 95' lang='lat' dir='ltr'><strong> </strong></span> 
     </span>
    </p>
   </div>
  </div>
 </body>
</html>
