2859 4617
654 372 699 421 1.
903 370 917 381 ‘
1029 342 1311 417 ramo.
1359 344 1595 414 Enrr.
1638 344 1932 413 PRAEF.
1981 306 2349 415 ALTERA.

645 515 1026 585 italicorum
1055 515 1469 582 studiorum!
1513 534 1811 601 quorum
1841 515 2401 605 praestantissima
2424 512 2569 579 laus
2586 513 2738 581 ideo

647 603 835 691 quasi
887 602 1240 689 proposita
1299 613 1499 686 atque
1552 600 1723 664 edita
1782 601 1853 663 in
1913 602 2128 666 altum'
2173 601 2468 679 videtur,
2526 612 2607 663 ut
2656 600 2737 663 ab
2852 654 2854 657 Α

647 685 959 752 omnibus
1011 686 1224 751 ventis
1275 683 1590 751 fortunae
1642 684 1946 751 adversae
1990 683 2446 750 circumflatur
2494 683 2579 766 [*
2595 684 2737 748 cir-

647 771 1088 863 cumflarewr
1102 772 1138 817 '¹‘
1151 772 1210 853 ].
1982 792 1993 799 ·

353 909 625 993 {talorum
818 902 1069 971 XVIII.
1153 902 1282 969 Sed
1322 924 1464 967 non
1508 901 1859 967 clamitabo
1904 901 2043 967 iam
2082 900 2537 969 vehementius
2550 946 2573 980 ,
2617 922 2738 965 nec

319 980 502 1035 '‘¹⁸¹¹ss
522 978 935 1056 ¹⁸¹¹·volitabo
963 992 1034 1053 in
1055 986 1186 1053 hoc
1210 982 1620 1051 insolentius.
1705 987 1938 1071 Neque
1968 986 2147 1051 enim
2166 984 2315 1051 Itali
2340 996 2446 1051 tot
2472 987 2736 1049 incom-

320 1050 524 1101 ¹¹⁸¹¹²¹¹³
542 1055 627 1158 ’.ξ-
647 1072 868 1139 modis
909 1072 1200 1137 cladibus
1239 1070 1627 1158 rapinisque
1672 1071 1893 1136 vexati
1920 1071 2169 1135 idcirco
2196 1070 2455 1136 animos
2485 1068 2737 1133 abiece-

319 1132 590 1243 qutinexci
647 1168 840 1222 runt=
884 1156 1101 1219 immo
1147 1176 1305 1221 vero
1351 1154 1699 1219 litterariae
1745 1154 1997 1221 divitias
2013 1200 2033 1233 ,
2077 1155 2302 1241 siquae
2342 1153 2465 1217 sibi
2496 1175 2534 1217 a
2562 1174 2736 1220 nau-

647 1238 866 1326 fragio
891 1249 1284 1327 supersunt,
1329 1239 1581 1304 acriore
1606 1238 1927 1303 industria
1940 1284 1960 1317 ,
2002 1249 2235 1325 atque,
2278 1249 2361 1303 ut
2383 1237 2475 1301 ita
2501 1236 2734 1314 dicam,

647 1323 951 1411 graviore
993 1346 1151 1387 cum
1191 1320 1426 1388 fenore
1464 1333 1787 1389 exercent.
1873 1322 2051 1386 Nam
2087 1333 2155 1387 et
2194 1320 2571 1387 ordinandis
2602 1342 2735 1407 po-

647 1405 978 1497 pulorum
1003 1406 1302 1471 nummis
1318 1452 1338 1485 ,
1383 1405 1781 1470 declarandis
1812 1428 2052 1503 regum
2088 1405 2593 1493 diplomatibus,
2635 1404 2735 1468 le-
2852 1410 2854 1427 ³

649 1490 881 1579 gendis
919 1512 1348 1555 marmorum
1386 1488 1627 1567 titulis,
1674 1489 1935 1553 edendis
1965 1490 2269 1555 codicum
2296 1491 2423 1555 scri
2473 1488 2557 1553 tis
2584 1486 2736 1551 dili·-

695 1574 1104 1639 entissimam
1165 1595 1398 1637 curam
1450 1571 1869 1671 impendunt.
1956 1572 2101 1639 Iam
2154 1560 2421 1661 pinacot
2473 1594 2617 1637 ecae
2674 1581 2740 1635 et

679 1680 840 1746 yeea
883 1670 950 1723 et
994 1657 1410 1722 nobiliorum
1449 1655 1782 1722 artificum
1819 1657 2085 1722 scholae
2110 1657 2271 1742 quid
2300 1657 2480 1722 aliud
2512 1667 2737 1721 osten-

646 1753 796 1807 tant
834 1742 986 1805 nisi.
1007 1740 1366 1829 anaglypta
1405 1751 1479 1817 et,
1515 1751 1760 1806 statuas
1806 1742 2081 1828 antiquo
2124 1763 2328 1829 opere
2368 1754 2437 1807 et
2470 1762 2738 1809 summa
2845 1772 2847 1805 z

651 1836 793 1889 arte
833 1819 1198 1911 perfectas?
1283 1824 1568 1910 Semper
1592 1824 1771 1887 enim
1798 1823 1961 1889 haec
1986 1836 2376 1891 ornamenta
2398 1838 2597 1911 atque
2626 1846 2736 1888 ar-
2836 1881 2843 1890 .

641 1906 749 1972 fifi
757 1908 888 1986 cia,
929 1908 1144 1993 signa,
1183 1907 1449 1972 tabulae
1485 1908 1737 2005 pictae,
1781 1910 1833 1971 si
1878 1910 2060 1976 illata
2098 1932 2283 1988 vasa,
2340 1920 2735 1985 toreumata,
2837 1914 2845 1924 ‘

653 1990 1051 2057 emblemata
1077 1990 1282 2057 Italos
1309 1990 1617 2057 hommes
1641 1992 1743 2055 sin
1862 1995 2063 2059 ariter
2085 1993 2509 2059 delectarunt.
2569 1992 2737 2071 Quis

652 2086 994 2163 praeterea
1029 2086 1173 2140 tam
1213 2075 1350 2140 dite
1390 2074 1619 2139 solum
1658 2077 1863 2163 paulo
1906 2078 2233 2146 eruditius
2270 2076 2535 2157 effodit,
2572 2077 2735 2161 quin

635 2180 1008 2237 nummos,
1061 2160 1330 2247 cippos,
1384 2170 1663 2238 statuas,
1720 2160 2099 2242 columnas,
2158 2184 2247 2251 pa
2300 2184 2463 2251 yros
2517 2162 2733 2239 etiam,

649 2253 716 2307 et
771 2242 1106 2329 praeclara
1154 2265 1358 2330 opera
1411 2244 1762 2340 omnigena
1802 2259 2257 2314 commoveret
2274 2297 2289 2313 .
2378 2238 2576 2311 Nune
2616 2244 2737 2308 de-
2849 2320 2852 2331 ,Α

646 2347 846 2391 mum
887 2348 1038 2391 mea
1076 2327 1294 2391 tenuis
1327 2327 1653 2392 industria
1692 2328 2075 2396 Ciceronem
2090 2376 2111 2410 ,
2160 2343 2389 2419 atque,
2446 2342 2526 2394 ut
2567 2328 2737 2393 mihi
2849 2346 2852 2373 ÷

645 2410 911 2498 penitus
939 2411 1257 2498 persuasi,
1299 2414 1499 2475 etiam
1525 2411 1887 2479 Asconium
1919 2436 2006 2479 ex
2032 2414 2463 2480 ambrosianis
2492 2412 2735 2477 forulis

647 2494 976 2560 excitavit.
1061 2494 1290 2574 Quare
1343 2496 1390 2559 ii
1446 2496 1561 2579 qui
1605 2500 1965 2583 praestanti
2007 2500 2273 2586 ingenio
2321 2510 2385 2564 et
2416 2496 2737 2583 singulari

647 2577 986 2661 sagacitate
1030 2578 1310 2664 praediti
1343 2590 1502 2643 sunt
1548 2601 1621 2643 ea
1657 2579 2029 2648 moliantur
2058 2584 2432 2670 excogitent
2458 2592 2736 2660 tentent,

652 2668 850 2755 ¹quae·
867 2658 1014 2725 fieri
1057 2660 1136 2725 ab
1159 2662 1238 2725 iis
1265 2661 1513 2728 civibus
1538 2662 1810 2744 debent,
1854 2667 1972 2751 qui
1992 2668 2123 2731 sint
2151 2669 2437 2755 patriam
2464 2678 2739 2753 tempo·—

648 2742 836 2808 ribus
859 2744 1118 2809 miseris
1148 2744 1265 2809 diu
1292 2756 1699 2833 prostratam
1712 2793 1734 2829 ,
1776 2750 2156 2818 studiorum
2181 2750 2507 2821 fructibus
2538 2768 2747 2838 atque

653 2826 1147 2895 oblectamentis
1196 2831 1583 2896 recreaturi.

649 3016 739 3067 uti
765 3017 930 3081 sciat,
943 3014 1016 3069 ab
1043 3030 1242 3073 eorum
1261 3032 1366 3069 utu
1381 3016 1645 3072 excludat
1740 3018 1867 3077 fuit.
1936 3022 2060 3077 vid.
2101 3023 2302 3077 Blumii
2328 3028 2437 3079 iter
2474 3026 2745 3080 Italicum
2849 3076 2850 3079 ,

649 3088 710 3133 et
723 3120 741 3145 ,
800 3092 865 3135 ut
904 3086 1352 3153 expectationem
1387 3087 1641 3155 ipsorum
1740 3093 1833 3144 lib.
1862 3096 1912 3147 I.
1936 3109 1993 3161 p.
2020 3094 2108 3148 87.
2174 3096 2321 3165 Ergo
2388 3101 2583 3163 ostque
2614 3110 2741 3147 ma-

646 3151 1196 3232 versutiloquentulis
1221 3153 1446 3207 malitiis
1464 3166 1519 3209 et
1546 3175 1639 3211 ca·
1738 3160 1934 3241 gisque
1970 3161 2073 3213 viri
2111 3178 2265 3215 nunc
2304 3180 2341 3233 g
2364 3162 2487 3214 oria
2537 3162 2739 3229 claret,
2848 3184 2850 3254 j

647 3216 872 3271 hunnus
906 3220 1238 3287 frustretur,
1285 3240 1357 3275 ne
1393 3225 1640 3278 vanissu-
1739 3244 1861 3295 :psa
1902 3245 1965 3279 re
2010 3238 2067 3281 et
2109 3230 2273 3283 factis
2314 3230 2741 3299 comprobantis

647 3301 776 3365 mae
811 3289 1040 3363 quidem
1083 3290 1473 3343 mendacitatis
1518 3302 1640 3345 tur-
1739 3295 1849 3346 hoc
1866 3334 1882 3359 ‚
1934 3299 2086 3365 quod
2138 3300 2313 3352 Maius
2358 3301 2536 3369 probe
2578 3308 2741 3353 certe

647 3352 964 3436 [titudinem
987 3357 1186 3425 fugiat.
1258 3360 1320 3411 V.
1345 3359 1519 3411 Perzii
1533 3398 1549 3425 ,
1584 3378 1637 3415 v·
1738 3361 2013 3416 intellexit
2060 3366 2455 3439 eleganterque
2500 3384 2739 3436 praece—

649 3418 722 3472 cl.
735 3424 1130 3497 ,ozealzenisclze
1153 3428 1318 3479 Reise
1343 3442 1397 3493 p-
1416 3428 1469 3481 7.
1506 3430 1641 3497 Pey—
1740 3430 1841 3499 pit,
1874 3438 2206 3490 eruditorum
2230 3440 2505 3495 commoda
2528 3442 2742 3496 mutuis

646 3502 802 3538 roms
851 3499 1050 3543 contra
1108 3491 1416 3545 liheralitas
1470 3503 1530 3546 at
1608 3513 1640 3549 e
1740 3500 1946 3572 officiis
1963 3504 2278 3576 gubernari.

645 3552 966 3613 humanitas
999 3560 1214 3614 nemini
1239 3576 1513 3632 umquam
1532 3513 1639 3621 32-
