2859 4617
599 356 774 413 :mvl
1067 336 1619 409 PRINCIPIS
1666 333 2223 407 EDITIONIS

597 510 804 578 vianis
831 512 914 579 68
930 507 990 598 )=
1047 508 1274 598 Siquis
1309 519 1613 575 veterum
1638 506 1967 577 librorum
1992 532 2163 597 quae
2188 505 2687 598 ‹eircumsernn-

595 606 708 661 tur
762 596 1150 661 litterarum
1203 596 1579 682 specimina
1630 616 1782 658 cum
1828 594 1961 658 hist
1980 594 2242 661 schedis
2292 609 2685 682 componat,

463 682 478 695 ”
593 690 738 745 tum
775 702 946 767 quae
981 679 1068 744 de
1106 678 1380 743 illorum
1419 687 1641 743 aetate
1680 678 1862 743 docti
1881 680 2025 745 viri
2054 691 2255 779 atque
2285 680 2357 743 in
2382 666 2684 767 αιιίῖᾳυί-

596 776 744 831 tate
781 764 1270 851 investiganda
1301 762 1422 828 diu
1454 763 1863 851 multumque
1886 775 2144 828 versate
2174 764 2447 849 scriptis
2476 786 2682 827 man-

557 848 888 933 ,darn-nt,
959 850 1192 913 animo
1234 858 1497 935 reputet
1505 873 1530 926 ,-
1599 848 1665 911 ei
1700 870 1841 911 non
1876 859 2020 917 tam
2035 894 2057 927 ,
2114 848 2683 935 quemadmodum

594 932 1104 999 Antoninorum
1149 930 1561 1019 temporibus
1602 932 2022 1019 conscriptas
2062 932 2448 997 istiusmodi
2492 932 2683 997 sclie-

597 1016 727 1083 das
751 1015 974 1105 fuisse
1011 1014 1372 1105 approbet,
1428 1038 1634 1103 quam
1682 1016 2251 1103 quemadmodum
2295 1038 2434 1081 non
2474 1015 2682 1105 longe

597 1096 756 1171 ante
785 1103 1202 1191 conscriptas
1231 1100 1595 1191 approbet,
1638 1099 2100 1199 laborandum
2123 1122 2284 1168 esse.

265 1268 428 1321 Aetas
446 1264 581 1319 wri-
764 1268 908 1335 Iam
953 1268 1364 1334 scholiorum
1405 1265 1607 1333 huius
1640 1267 1883 1357 prioris
1932 1266 2168 1334 codicis
2218 1268 2473 1359 duplex
2516 1272 2678 1337 scri-

326 1344 526 1413 pturae
649 1364 803 1419 tura
843 1366 974 1434 est,
1021 1353 1219 1418 altera
1245 1350 1382 1417 fere
1411 1353 1762 1438 quadrata,
1808 1353 2007 1417 altera
2033 1354 2289 1419 rudior.
2373 1355 2494 1419 Illa
2524 1357 2678 1443 qui-

261 1377 918 1535 ,ffnlffllgzssgemipsa
949 1438 1171 1502 textus
1202 1438 1558 1524 scriptione
1581 1438 1697 1502 vix
1718 1438 2043 1501 recentior
2074 1438 2358 1518 videtur,
2402 1438 2673 1505 alteram

265 1540 395 1592 dem
423 1543 573 1608 prio·
593 1545 970 1608 sequiorem
1013 1545 1147 1587 esse
1190 1520 1528 1606 aliquanto
1572 1520 1753 1585 haud
1883 1533 2065 1586 avate
2095 1524 2465 1587 concedam.
2550 1525 2675 1589 Ni-

261 1626 328 1661 re
357 1611 557 1677 Psslim-
591 1605 689 1671 hil
717 1618 942 1671 autem
971 1617 1178 1683 vetat,
1223 1606 1387 1693 quin
1423 1617 1770 1693 putemus,
1802 1545 1973 1671 {racc
1998 1604 2279 1685 scholia,
2322 1605 2473 1672 licet
2501 1609 2674 1673 anti-

317 1688 520 1748 psesto.
638 1690 906 1756 nissima
924 1738 944 1771 ,
1023 1714 1062 1755 a
1097 1690 1368 1754 librario
1404 1689 1611 1776 paulo
1653 1691 2015 1755 recentiore
2056 1692 2307 1777 scripta
2340 1692 2411 1755 in
2452 1694 2673 1758 codice

563 1772 578 1787 ⁸
622 1776 821 1853 uisse,
866 1776 958 1839 ita
991 1785 1068 1837 ut
1103 1786 1340 1839 neutra
1365 1786 1594 1839 tamen
1619 1773 1949 1865 scriptura
1972 1773 2385 1841 scholiorum
2411 1776 2669 1844 saeculo

583 1857 701 1926 IV.
729 1870 846 1923 aut
869 1859 953 1922 V.
979 1858 1312 1946 posterior
1336 1858 1443 1929 sit.

253 2017 420 2095 aetas
431 2011 582 2094 prio·
625 2076 636 2082 ,
761 2008 1050 2074 Alterius
1101 2008 1335 2074 codicis
1381 2008 1683 2097 priorem
1730 2009 2130 2108 scripturam
2164 2032 2250 2076 ne
2282 2010 2538 2077 saeculo
2588 2011 2666 2078 V.

253 2088 906 2201 {ggffiffiffijseriorem
948 2092 1390 2191 pronunciem
1405 2140 1426 2173 ,
1476 2116 1755 2193 moveor
1788 2116 2093 2193 primum
2128 2098 2517 2163 auctoritate
2550 2119 2671 2161 an-

251 2234 320 2271 to
406 2219 566 2270 alim·
592 2179 765 2267 tiqui
804 2200 1088 2242 censoris
1116 2177 1358 2242 codicis
1413 2178 1846 2257 ambrosiam,
1922 2180 2039 2265 qui
2078 2181 2435 2245 secundam
2472 2180 2671 2245 huius

291 2237 527 2358 ,Ρέἑηοζ
582 2264 991 2350 scripturam
1035 2259 1061 2348 (
1075 2283 1275 2349 quam
1301 2262 1511 2327 solam
1538 2263 1678 2349 ipse
1703 2262 1902 2351 vidit)
1944 2265 2205 2349 putavit
2228 2286 2451 2412 prope
2478 2288 2669 2329 coae-

311 2360 314 2365 '
580 2358 843 2412 taneam
870 2346 1366 2411 chalcedonensi
1392 2348 1691 2412 concilio.
1733 2348 1917 2413 Hanc
1954 2369 2073 2433 ego
2109 2349 2225 2435 qui
2272 2372 2377 2413 em
2409 2350 2490 2413 ad
2520 2349 2667 2413 VII.

582 2444 698 2497 aut
721 2432 920 2497 etiam
944 2428 1122 2496 VIII.
1156 2432 1494 2503 saeculum
1520 2432 1838 2517 pertrahe
1866 2430 2021 2518 59).
2064 2453 2302 2497 verum
2328 2433 2500 2497 inter
2520 2434 2671 2521 pri-

577 2538 765 2582 mam
800 2516 864 2580 et
891 2516 1248 2580 secundam
1277 2516 1819 2602 superinductam
1848 2528 2113 2581 tantum
2143 2517 2445 2597 interest,
2488 2530 2567 2584 ut
2610 2520 2667 2583 si

577 2601 708 2665 tria
751 2598 1006 2664 saecula
1046 2600 1444 2665 intercedere
1490 2600 1703 2665 dicam
1720 2647 1740 2680 ,
1798 2600 2138 2665 moderate
2180 2601 2394 2666 immo
2420 2624 2669 2690 parum

577 2706 694 2749 me
723 2684 964 2747 dixisse
999 2682 1298 2747 arbitrer.
1380 2684 1631 2774 Reapse
1659 2684 2005 2771 scriptura,
2048 2684 2128 2749 de
2154 2706 2287 2770 qua
2318 2708 2496 2751 nunc
2527 2690 2670 2773 agi-

577 2790 769 2847 mus,
808 2766 1350 2852 fragmentorum
1380 2766 1526 2831 VH.
1556 2768 1938 2833 orationum
1968 2769 2299 2834 Ciceronis
2332 2792 2489 2835 cnm
2518 2794 2668 2836 am-

577 2852 698 2940 plo
751 2851 1230 2917 commentario
1242 2900 1262 2931 ,
1307 2851 1467 2916 adeo
1510 2862 1574 2915 et
1619 2852 1761 2939 ipsa
1802 2853 2088 2941 spatiosa
2126 2866 2253 2932 est,
2298 2855 2461 2939 adeo
2501 2855 2666 2943 pul-

511 3006 514 3013 ,
579 2936 773 3015 chra,
851 2936 1166 3023 quodque
1215 2936 1477 3021 gravius
1522 2948 1947 3001 momentum
1988 2948 2115 3017 est,
2175 2940 2335 3005 adeo
2376 2940 2665 3039 priscam

579 3019 1133 3109 orthographiam
1180 3021 1540 3106 exprimit,
1583 3033 1665 3085 ut
1714 3022 1924 3087 serior
1964 3022 2223 3087 saeculo
2268 3024 2353 3088 V.
2392 3024 2664 3092 iudicari

577 3106 857 3173 omnino
883 3126 1023 3169 non
1051 3105 1282 3192 possit.
1369 3104 1435 3169 N
1436 3128 1471 3168 e
1496 3106 1808 3193 prolixus
1836 3108 1964 3171 sim
2009 3103 2119 3195 (in
2148 3118 2331 3171 tanta
2360 3130 2667 3195 praeser-

572 3192 701 3256 tim
727 3189 1198 3278 exemplorum
1227 3188 1459 3277 copia)
1502 3191 1558 3253 si
1584 3189 1969 3255 conferatur
1992 3212 2299 3279 papyrus
2322 3192 2668 3279 aegyptia-

573 3298 682 3353 ca,
725 3296 931 3359 quam
960 3272 1248 3337 Maurini
1271 3274 1583 3337 monachi
1614 3275 1957 3339 ediderunt
1986 3283 2068 3343 60
2085 3278 2111 3364 )
2128 3322 2146 3353 ,
2193 3287 2257 3340 et
2287 3277 2470 3341 cuius
2494 3276 2665 3341 scri·-

572 3368 850 3443 pturam
892 3356 1148 3421 saeculo
1185 3354 1293 3421 VI.
1319 3356 1642 3421 seriorem
1667 3370 1909 3455 negant
1938 3381 2075 3424 esse
2116 3359 2485 3438 dicendam3
2532 3382 2664 3449 pa-

482 3444 492 3453 “
571 3440 738 3503 tebit
784 3439 933 3502 luce
973 3439 1330 3503 meridiana
1377 3440 1617 3504 clarius
1662 3454 2063 3529 scripturam
2104 3444 2403 3532 priorem
2443 3446 2665 3511 nostri

572 3522 810 3589 codicis
855 3522 1014 3587 adeo
1055 3524 1542 3609 magnitudine,
1597 3522 1851 3607 forma,
1896 3526 2510 3617 orthographiaque
2542 3528 2662 3593 lit-

569 3617 872 3671 terarum
908 3616 1276 3693 praestare,
1321 3619 1398 3670 ut
1441 3608 1738 3674 instituta
1773 3615 2215 3699 proportione
2248 3636 2405 3679 cum
2437 3634 2662 3700 nuper

567 3690 829 3768 laudata
855 3712 1120 3779 papyro
1138 3736 1156 3767 ‚
1197 3701 1351 3754 tum
1377 3692 1575 3756 etiam
1603 3716 1760 3759 cum
1788 3695 2103 3782 plurimis
2134 3697 2272 3761 aliis
2304 3722 2341 3761 a
2370 3698 2660 3762 celeber-

540 3776 752 3844 ·rimo
789 3774 1096 3840 Caietano
1122 3772 1384 3839 Marino
1416 3776 1621 3855 editis,
1664 3779 1932 3865 scriptio
1964 3780 2378 3845 ambrosiana
2406 3783 2487 3846 ad
2513 3805 2663 3847 sae-

569 3860 800 3925 culum
829 3859 1056 3948 potius
1091 3856 1204 3925 IV.
1288 3881 1447 3923 uam
1471 3861 1549 3925 V.
1573 3865 1904 3948 pertinere
1930 3863 2251 3931 videatur.
2320 3866 2509 3929 Addo
2537 3867 2661 3930 de-

566 3944 805 4034 nique,
869 3942 1203 4011 Turcium
1307 3944 1749 4035 pronianum,
1806 3950 1921 4037 qui
1968 3948 2227 4015 saeculo
2272 3950 2352 4017 V.
2399 3948 2655 4033 floruit,

641 4128 745 4194 58)
781 4116 952 4185 Pssss.
1732 4134 1838 4200 σο)
1874 4136 2141 4189 maman
2204 4138 2379 4193 craias
2429 4137 2655 4210 ᾱφιωη.

639 4198 740 4263 59)
780 4204 809 4237 *
827 4199 887 4250 V.
917 4211 1084 4265 supra
1116 4213 1170 4266 p.
1195 4200 1394 4256 XXVI.
1425 4217 1469 4256 s.
1660 4202 1725 4256 T.
1750 4204 1795 4261 1..
1828 4218 1881 4270 p·
1906 4204 2029 4257 487.
