2859 4617
485 314 569 379 12
981 330 1000 359 ‘-
1129 302 1779 413 ·0R-Afr10

481 484 606 555 etsi
651 483 953 575 postulat
994 464 1226 556 causa}
1291 488 1520 555 tamen
1534 530 1555 568 ,
1604 466 1727 551 nisi
1768 472 1983 573 plane
2020 470 2213 576 cogit
2236 472 2559 579 ingratiis,

475 587 572 655 ad
603 587 1149 657 maledicendum
1183 606 1323 653 non
1357 586 1547 654 soleo
1580 586 2011 655 descendere.
2112 589 2312 658 Nunc
2326 638 2349 675 ‚
2400 602 2559 661 cum

439 752 444 759 .
481 700 755 777 coaetus
795 689 1017 759 dicam
1033 738 1052 774 ‚
1105 690 1160 755 si
1201 688 1368 777 quid
1407 689 1587 757 forte
1630 689 1888 774 dicam,
1946 691 2177 759 tamen
2217 692 2291 759 id
2336 693 2569 783 ips'u'm

479 791 861 862 ‘verecunde
887 791 1294 879 modiceque
1323 791 1592 877 faeiam,
1640 801 1901 859 tantum
1928 801 2037 875 ut,
2092 796 2409 882 quoniam
2432 797 2559 866 sibi

423 948 430 951 -
479 918 592 965 me
635 918 772 963 non
815 916 954 961 esse
979 894 1322 961 inimicum
1357 896 1585 984 potuit
1610 896 1841 985 priore
1880 895 2143 963 actione
2169 896 2423 966 Fabius
2448 900 2559 966 iu-

349 986 366 1002 '
477 998 729 1085 dicare,
777 1020 956 1069 nune
975 996 1081 1067 Μ.
1099 996 1336 1067 'ruffio
1361 996 1644 1067 fidelem
1674 1008 2068 1089 certumque
2094 999 2386 1069 amicum
2414 1024 2558 1071 esse

477 1110 866 1193 cognoscat.

678 1300 912 1371 Unum
950 1301 1094 1371 hoc
1123 1302 1342 1373 abste
1357 1350 1378 1388 ,
1427 1300 1513 1371 L.
1540 1273 1801 1388 Quinti,
1852 1304 2184 1394 pervelim
2220 1304 2553 1395 impetra-

365 1414 374 1423 “
475 1430 551 1476 re
597 1406 838 1499 (quod
866 1406 1132 1475 tametsi
1163 1427 1248 1476 eo
1295 1406 1458 1476 volo
1473 1454 1494 1494 ,
1547 1408 1706 1498 quia
1738 1404 1906 1475 mihi
1951 1408 2116 1477 utile
2146 1417 2277 1479 est:
2327 1417 2555 1483 tamen

540 1673 836 1749 Ingraeiis]
869 1671 1107 1725 Locutio
1129 1680 1214 1725 est
1236 1670 1463 1745 elegans

473 1744 828 1814 optimaeque
857 1742 1079 1803 aetatis,
1115 1762 1334 1812 cogere,
1366 1742 1461 1795 vel

471 1818 599 1885 cogi
633 1816 894 1882 ingratiis
917 1812 955 1863 i.
986 1827 1032 1861 e.
1059 1810 1297 1862 invitum
1313 1849 1331 1876 ,
1367 1826 1461 1861 re·

384 1934 394 1939 ,
470 1888 845 1951 pugnantem:
892 1895 1002 1947 quo
1035 1878 1104 1929 de
1133 1878 1305 1931 verbo
1335 1878 1461 1929 vul-

471 1959 672 2020 gatum
713 1948 850 1999 olim
893 1962 1145 1999 errorem
1177 1947 1274 2003 oh.
1304 1946 1460 1998 Gifa-

470 2018 554 2071 nii
577 2034 658 2069 -ex
705 2016 847 2069 eius‘
871 2015 1062 2067 Indice
1103 2016 1459 2085 Lucretiano,

471 2084 722 2156 alioquin
775 2085 958 2147 honae
1021 2084 1116 2135 fru
1155 2085 1200 2136 is
1268 2084 1459 2153 plene,

471 2162 835 2209 correxerunt
873 2153 988 2205 iam
1024 2152 1099 2205 du
1140 2170 1236 2219 um
1266 2154 1461 2223 Sciop-

462 2224 589 2295 pius
622 2222 917 2276 Verisimil.
947 2226 986 2273 Ι.
1011 2225 1110 2288 20,
1150 2232 1206 2274 et
1234 2223 1457 2276 Vossius

461 2294 539 2347 de
565 2293 796 2363 Analog.
822 2294 864 2345 Ι.
889 2294 940 2347 2.
968 2300 1026 2343 et
1049 2291 1455 2363 47.·S,criptum

464 2380 632 2433 saepe
669 2360 947 2432 reperitur
989 2366 1256 2432 ingratis,
1317 2360 1457 2413 dua-

463 2432 568 2487 bus
598 2436 621 2485 i
647 2432 706 2483 in
729 2448 901 2483 unam
931 2430 1260 2492 contractis;
1299 2438 1355 2482 et
1373 2430 1456 2485 sio

463 2502 589 2554 fere
615 2501 832 2553 variant
849 2499 998 2551 libri.
1038 2499 1456 2551 Onomasticum

467 2578 652 2635 vetus,
691 2586 821 2620 cum
854 2566 1147 2619 Glossariis
1183 2567 1394 2619 editum
1419 2585 1457 2619 a.

465 2638 770 2695 Vulcanio:
804 2642 1078 2716 Ingrato,
1116 2632 1328 2705 αἐκητί.
1384 2641 1457 2686 O-

464 2716 626 2763 rator
664 2722 767 2775 pro
804 2704 1029 2769 Qumtio
1071 2722 1120 2756 c.
1153 2706 1236 2761 14.
1289 2704 1452 2773 [47.]

465 2776 892 2849 extorquendum
932 2789 1014 2826 est
1064 2778 1235 2827 invito
1289 2788 1350 2827 at
1388 2794 1457 2827 ue

465 2848 755 2919 ingratiis-,-
791 2842 943 2913 quod
975 2842 1324 2905 Facciolatus
1395 2858 1456 2894 e-

463 2930 537 2967 ne
573 2912 839 2982 explicat:
883 2910 1019 2964 velit
1049 2910 1209 2970 nolit.
1278 2913 1457 2964 Deni-

545 2999 575 3035 e
613 2982 796 3051 ipsum
835 2981 946 3034 hoo
981 3002 1170 3051 cogere
1193 2987 1250 3035 in
1289 2986 1455 3035 ratiis

505 3052 662 3107 icunt
701 3052 990 3105 Terentius
1027 3055 1226 3105 Heaut.
1298 3053 1361 3104 ΙΙ.
1401 3052 1451 3106 1.

461 3123 549 3177 87.
605 3130 662 3174 et
707 3124 890 3189 Nepos
938 3121 1210 3174 Themist.
1257 3122 1350 3175 IV.
1391 3119 1448 3175 3.

455 3188 918 3246 HEINRICHIUS.

531 3259 892 3331 Modiceque]
962 3258 1155 3319 Codex„
1180 3260 1450 3329 mollique.

459 3327 787 3379 Rectissima
851 3326 1175 3378 coniectura
1233 3326 1455 3377 Heinri-

465 3394 644 3460 chius,
681 3396 728 3462 [¹⁸³
741 3394 833 3464 qui
857 3394 1010 3447 conf.
1031 3412 1090 3462 p.
1113 3396 1231 3449 111.
1266 3392 1447 3461 114.*]

463 3463 786 3515 emendavit
821 3466 1145 3533 modiceque.
1217 3460 1307 3513 sie
1345 3482 1451 3532 pro

460 3534 622 3585 Sulla
663 3532 750 3585 29.
797 3551 834 3583 a
885 3550 968 3583 me
1028 3532 1218 3583 timide
1279 3532 1452 3584 modi-

448 3622 626 3675 1:quae
681 3603 919 3659 dicetur-‚-
967 3618 1069 3669 pro
1134 3600 1314 3650 Caelio
1366 3598 1451 3653 18.

459 3691 604 3725 nunc
632 3690 797 3743 agam
827 3670 1064 3732 modice,
1101 3686 1200 3719 nec
1233 3667 1320 3719 lon
1364 3670 1452 3719 ius

449 3743 812 3817 progrediar,
865 3754 1026 3811 quam
1054 3756 1140 3790 me
1169 3754 1288 3789 mea
1344 3738 1451 3789 'dee

462 3824 516 3865 et
555 3828 724 3865 causa
759 3810 886 3881 ipsa
924 3820 1115 3877 coget‚·
1153 3812 1208 3854 et
1243 3808 1366 3857 Sen.
1396 3806 1448 3859 1.

460 3882 666 3933 modice
761 3898 896 3930 erre.
1000 3872 1217 3929 Monuit
1277 3873 1449 3924 etiam

459 3944 613 3997 idem
623 3946 720 3998 Ph·
747 3944 942 4017 ologus
957 3944 1129 3996 verba
1155 3956 1368 3997 tantum
1385 3956 1449 3996 ut

460 4012 801 4085 seiungenda
843 4030 958 4065 non
1013 4029 1160 4079 esse3
1222 4008 1303 4064 sic
1341 4030 1447 4086 pro

459 4084 657 4136 Flacco
684 4084 770 4137 28.
800 4082 1064 4136 submisso
1098 4102 1228 4136 voce
1262 4102 1446 4155 agam,

461 4164 676 4206 tomum
707 4164 770 4203 ut
807 4152 1010 4205 iudices
1041 4153 1304 4212 audianos
1341 4170 1447 4223 pro

1562 1677 1798 1729 Caecina
1821 1675 1872 1729 8.
1904 1688 2127 1749 praetor
2158 1674 2445 1728 interdixit
2476 1711 2493 1727 .
2531 1709 2551 1729 .

1563 1778 1579 1798 0
1618 1779 1634 1794 .
1668 1747 1789 1797 eine
1816 1746 1932 1796 ulla
1956 1748 2299 1816 exceptione,
2332 1756 2551 1797 tantum
2618 1742 2625 1751 ’

1560 1824 1652 1873 ut,
1688 1814 1830 1865 unde
1870 1815 2152 1867 deiecisset
2168 1850 2184 1878 ‚
2219 1816 2551 1866 restitueret.

1558 1878 1662 1935 PR.
1734 1882 1998 1933 *Praeter
2030 1881 2169 1932 haec
2192 1879 2443 1949 exempla
2473 1880 2547 1934 cl.

1558 1947 1907 2002 Heinrichiue
1930 1958 2349 2020 comparaverat
2376 1948 2550 2003 etiam

1558 2020 1718 2073 Brut.
1762 2020 1815 2083 9,
1852 2018 1937 2073 38.
1978 2040 2083 2091 pro
2125 2021 2284 2072 Sulla
2327 2023 2411 2084 10,
2452 2018 2547 2073 30·

1562 2088 1719 2142 Tusc.
1749 2090 1840 2142 111.
1870 2088 1939 2141 23
1958 2126 1974 2153 ‚
2009 2089 2093 2143 55.
2144 2088 2547 2157 docueratque,

1556 2154 1618 2206 in
1645 2156 1751 2207 hae
1779 2155 2195 2207 constructione
2218 2170 2433 2227 tantum
2460 2172 2548 2207 es-

1556 2240 1617 2276 se
1680 2225 2020 2277 adiectivum
2082 2226 2389 2290 τοσοῦτον,
2488 2231 2548 2276 et

1555 2302 1746 2345 mente
1766 2293 2133 2363 repetendum
2158 2309 2273 2344 esse
2290 2289 2544 2361 verbum,

1557 2360 1710 2435 quod
1737 2363 2065 2432 praecessit,
2098 2360 2253 2415 velut
2273 2362 2331 2417 h.
2354 2362 2394 2417 l.
2419 2377 2547 2415 tan-

1555 2448 1670 2486 tum
1705 2432 1984 2499 facturus,
2037 2446 2098 2485 ut
2130 2457 2199 2469 --
2234 2444 2547 2502 cognoscat,

1553 2500 1592 2553 i.
1638 2518 1686 2555 e.
1724 2518 1839 2553 non
1878 2500 2002 2568 plus
2041 2500 2323 2563 facturus,
2371 2515 2543 2569 quam

1554 2577 1619 2620 ut
1666 2596 1734 2608 —
1780 2577 2099 2639 cognoscat.
2170 2566 2372 2619 Statim
2410 2576 2542 2621 ante

1552 2652 1659 2707 pro
1682 2642 1980 2691 verecunde
2002 2655 2057 2706 p.
2077 2638 2165 2691 39.
2190 2636 2277 2694 ed.
2302 2636 2542 2707 Tubing·.

1562 2710 1839 2762 VERUM
1868 2706 1903 2775 ss
1921 2714 2029 2759 DE
2062 2714 2539 2774 repraesentatur:

1556 2791 1727 2845 quam
1772 2784 1966 2827 tamen
2006 2775 2312 2829 lectionem.
2358 2774 2541 2829 Maius

1550 2860 1668 2895 non
1690 2852 2031 2900 enotaverat.
2506 2896 2514 2905 ,

1620 2918 1813 2967 Priore
1854 2914 2107 2981 actione]
2146 2912 2289 2966 Hinc
2328 2928 2543 2985 cogno-

1549 2981 1755 3035 scimus
1815 2984 1901 3034 bis
1954 2982 2285 3035 Ciceronem
2342 2982 2541 3035 dixisse

1548 3067 1655 3123 pro
1682 3051 1885 3104 Tullio.
1921 3054 2065 3109 MAI.
2114 3052 2424 3104 *Videntur
2449 3066 2542 3103 re·-

1552 3121 1893 3191 ciperatores
1928 3120 2204 3176 dubitasse
2231 3120 2349 3185 vel,
2408 3136 2543 3173 cum

1549 3192 1613 3243 L.
1656 3189 1945 3254 Quinctius
1988 3189 2227 3241 dicendo
2268 3190 2416 3241 diem
2446 3206 2542 3241 ex-

1548 3258 1803 3311 traxisset
1818 3294 1835 3323 ,
1867 3260 2159 3309 AMPLIUS
2186 3258 2543 3327 pronuntias·
2605 3311 2609 3321 ,

1550 3342 1628 3379 se.
1698 3330 1845 3380 Nam
1892 3342 1959 3377 ex
2012 3328 2119 3383 Cic.
2174 3334 2301 3383 Act.
2342 3330 2411 3379 11.
2476 3330 2540 3381 in

1558 3398 1710 3451 Verr.
1738 3396 1775 3445 l.
1802 3399 1844 3446 Ι.
1876 3412 1925 3446 c.
1952 3394 2037 3449 80.
2065 3412 2149 3464 pr.
2204 3396 2301 3448 ubi
2332 3394 2534 3449 causae

1546 3463 1831 3530 capitalis,
1890 3462 1949 3513 in
2002 3482 2111 3533 qua
2132 3465 2368 3517 ·iudices
2406 3467 2539 3517 AM·

1548 3533 1742 3583 PLIUS
1776 3534 2307 3600 pronuntiatu-ant,
2357 3536 2537 3589 altera

1552 3604 1698 3653 actio
1730 3610 2023 3653 enarratur
2036 3640 2066 3669 ,.
2100 3603 2341 3655 ostendit
2368 3610 2537 3656 Asco-

1548 3668 1675 3725 nius
1692 3706 1709 3735 ,
1758 3674 1926 3723 etiam
1964 3675 2023 3725 in
2064 3676 2417 3745 ampliatione
2454 3677 2537 3727 sic

1548 3738 1856 3792 alteram
1920 3760 1957 3792 a
1980 3760 2009 3793 c
2029 3754 2055 3795 t
2081 3746 2102 3794 i
2126 3762 2155 3795 ο
2177 3761 2214 3795 n
2237 3764 2268 3794 e
2292 3762 2344 3793 m
2404 3744 2536 3808 dici,

1547 3811 1987 3879 quemadmodum
2052 3814 2112 3865 in
2164 3812 2535 3891 comperendi-

1545 3879 1787 3931 natione.
1852 3876 2011 3930 Idem
2048 3892 2180 3930 vero
2208 3878 2344 3930 ib1d.
2379 3876 2451 3929 ad
2478 3896 2533 3931 ο.

1544 3944 1598 4001 9.
1637 3945 1757 4013 (ap.
1782 3946 2001 3999 Schiitz.
2028 3964 2083 4015 p.
2107 3946 2261 4013 307.)
2293 3947 2537 4019 alioruin

1546 4014 1878 4067 sententiam
1917 4016 2095 4069 refert
2108 4051 2125 4081 ,
2190 4017 2445 4084 priorem
2478 4030 2537 4067 a-

1548 4082 1796 4136 ctionem
1846 4083 2081 4135 eandem
2143 4084 2317 4138 fuisse
2364 4093 2537 4157 atque

1547 4168 1747 4208 causae
1778 4156 2179 4210 coniectionem.
